2293 3494
864 63 1350 105 ILDEFONSUS

124 142 178 178 De
206 140 290 177 eius
318 136 476 186 scriptis
505 135 701 173 videndus
725 136 855 174 Julius
882 137 999 187 Niger
1028 136 1065 172 in

122 199 280 238 historia
312 198 549 247 scriptorum
581 197 837 236 Florentinor.
870 209 956 249 pag.
976 199 1065 237 336.

121 265 160 298 et
187 260 245 296 Jo.
281 259 456 308 Baptista
498 259 629 296 Marus
658 258 706 297 ad
737 259 879 298 Placidi
910 261 1067 298 Diaconi

119 320 440 369 supplementum
470 319 518 358 de
560 321 656 357 viris
697 320 918 360 illustribus
961 322 1069 360 Casi-

119 381 310 419 nensibus
337 391 421 430 cap.
452 383 489 420 3.
520 393 606 432 pag.
637 382 713 420 493
750 384 824 421 494
868 384 971 422 Sunt
999 394 1068 422 au-

118 447 197 480 tem
229 442 292 480 illa
313 443 455 492 Hymni
478 445 588 487 varii,
613 445 648 481 in
680 442 868 482 honorem
900 445 970 484 SS.
987 445 1069 483 Tri-

118 506 277 551 nitatis,
307 515 466 542 carmen
512 505 754 555 Sapphicum
785 507 889 556 quod
932 508 1068 545 Patres

118 566 357 603 Casinenses
381 567 417 603 in
444 567 528 604 suis
557 567 749 605 Ecclesiis
780 569 1008 607 concinunt.
1024 569 1065 606 ln

119 627 276 665 laudern
307 628 345 665 S.
378 628 568 666 Bertharii
599 630 793 679 Martyris,
823 635 863 668 et
892 629 941 669 de
986 630 1068 668 Vir-

113 690 288 738 ginitate.
321 688 377 727 De
407 690 560 728 visione
585 691 844 730 illustrissimi
876 693 1067 742 Principis

116 750 315 797 Consalvi,
340 752 474 798 oratio,
500 756 539 789 et
569 751 616 790 de
640 754 916 803 aggregatione
940 754 1070 791 Mona-

114 813 324 849 steriorum
348 813 502 851 Siciliae
535 813 582 851 ad
608 816 954 864 congregationem
975 814 1071 853 Cas-

115 873 343 921 sinensem,
374 875 551 925 aliaeque
575 875 783 914 Orationes
806 876 927 913 variis
952 877 988 912 in
1015 876 1070 913 lo-

114 936 171 972 cis
204 945 299 973 suae
338 936 663 988 Congregatiouis
700 937 855 975 habitae
878 937 900 975 e
923 937 1069 987 quibus

115 997 350 1035 Sermonem
372 998 409 1035 in
434 998 687 1048 honoiemS.
712 998 914 1037 Benedicti
936 999 1071 1038 laudat

115 1059 371 1097 Possevinus.
404 1059 554 1098 Omitto
586 1060 856 1110 metaphrasin
892 1060 1068 1098 Italicam

115 1119 315 1169 Epistolae
342 1123 379 1161 S.
403 1121 603 1160 Benedicti
626 1122 671 1161 ad
699 1121 983 1161 Scholasticam
1009 1132 1070 1160 so-

117 1192 259 1220 rorem.

170 1243 190 1264 ³*
214 1245 268 1282 De
294 1246 452 1296 scriptis
476 1246 579 1285 docti
597 1246 715 1284 huius
731 1245 926 1292 monachi⁷
948 1257 1066 1295 quem

116 1305 348 1345 defunctum
374 1319 436 1346 an.
462 1309 563 1347 4526
587 1312 754 1354 constat,
771 1308 851 1358 agit
874 1318 967 1357 prae
981 1317 1068 1345 cae-

117 1368 214 1405 teris
230 1368 475 1408 Armellinus
492 1369 671 1408 Biblioth.
691 1368 957 1407 Benedectino
971 1369 1068 1406 Cas-

119 1430 291 1468 sinensis
315 1441 352 1480 p.
377 1431 400 1469 2
423 1442 510 1480 pag.
536 1432 557 1468 9
582 1434 656 1467 etc.
686 1428 874 1478 additque
904 1441 1068 1467 enume-

114 1492 210 1528 ratis
249 1492 310 1529 hic
348 1503 369 1529 a
408 1492 581 1529 Fabricio
616 1490 836 1529 Historiam
873 1488 1066 1528 Abbatiae

112 1550 364 1590 Florentinae
396 1564 470 1590 non
496 1553 755 1603 completam3
787 1552 842 1590 De
873 1550 1068 1603 reforma—

115 1617 216 1651 tione
240 1613 468 1652 Casz'nensz's
493 1613 704 1662 Coenoba·t;
729 1613 999 1665 Epz‘stolarum
1024 1615 1067 1652 li-

111 1675 225 1713 brum
246 1688 255 1723 3
280 1676 446 1714 Montem
471 1676 660 1714 orationis
690 1688 778 1714 cum
819 1679 993 1714 tractatu
1021 1675 1067 1714 de

112 1735 226 1775 scala
251 1736 360 1775 Coela·
396 1738 436 1776 S.
466 1737 682 1788 Auyustz'ni
714 1739 952 1788 impressum
985 1737 1068 1775 Flo-

111 1800 261 1836 rentiae
285 1810 347 1837 an.
375 1799 491 1837 4524.

162 1860 477 1900 ILDEFONSUS
500 1861 530 1898 T
528 1860 729 1909 oletanus,
755 1872 875 1912 supra
895 1862 1066 1899 HILDE-

110 1921 301 1961 FONSUS
325 1926 418 1960 tom.
451 1923 484 1960 3.
505 1934 592 1973 pag.
615 1922 692 1960 765
714 1934 797 1972 seq.

162 1984 469 2023 lLDEFONSUS
493 1986 621 2024 iunior
641 1985 685 2022 A.
708 1985 784 2022 845
806 1984 895 2023 ibid.
919 1996 955 2034 p.
973 1984 1062 2022 770.

162 2043 407 2090 lLDUINUS,
432 2054 552 2094 supra
580 2044 861 2083 HILDUlNUS.

162 2104 199 2141 S.
239 2104 454 2144 ILLlDlUS
492 2107 579 2144 sive
612 2106 815 2144 ELIDIUS
839 2107 872 2152 a)
897 2105 1067 2145 Aruero-

108 2176 195 2203 rum
216 2165 439 2216 Episcopus
465 2167 818 2214 Claromontensis,
837 2172 876 2205 et
901 2167 1066 2205 Confes-

108 2236 197 2275 sor,
239 2226 456 2266 defunctus
495 2228 539 2266 A.
580 2229 621 2267 C.
658 2229 734 2267 385
765 2229 807 2267 V.
843 2230 933 2266 Jun.
973 2227 1064 2265 vide

109 2285 435 2324 Sammarthanos
457 2291 552 2324 tom.
583 2287 619 2326 2.
644 2298 731 2336 pag.
759 2287 847 2325 522.
879 2297 963 2335 seq.
986 2285 1063 2324 Sed

108 2346 403 2386 emendandum
429 2348 533 2397 quod
558 2348 662 2398 apud
692 2348 877 2386 Vossium
902 2359 939 2397 p.
971 2347 1061 2385 273.

110 2406 243 2456 legas:
268 2407 414 2446 Sarius
439 2408 478 2445 in
496 2408 661 2460 proloqo
694 2408 743 2447 ad
767 2409 897 2447 Vitam
922 2409 960 2447 S.
990 2409 1063 2446 Bo-

111 2467 181 2504 niti
207 2469 290 2505 XV.
313 2470 473 2507 Januar.
501 2472 670 2508 testatur
693 2480 733 2507 se
762 2468 962 2520 reperisse
986 2469 1063 2507 Illi-

112 2529 220 2567 ‹lium
258 2534 298 2567 et
338 2530 494 2569 Gallum
538 2530 817 2568 Aruernorum
855 2530 1064 2582 Epz'scopos

80 2625 85 2631 ,
112 2601 158 2627 (ιο
182 2589 438 2641 confessores.
455 2591 649 2631 luculento
674 2592 771 2644 stylo
792 2594 918 2630 Boniti
942 2592 1065 2631 vitam

112 2652 359 2702 consiynasse
394 2653 492 2692 Nam
522 2655 663 2693 Surius
688 2666 737 2692 ex
769 2655 928 2704 Prologo
956 2655 1066 2693 Vitae

116 2715 240 2751 Boniti
259 2715 533 2753 tantummodo
549 2715 667 2754 tradit
684 2747 691 2765 7
709 2718 938 2766 scriptorem
956 2728 1067 2754 coae-

114 2786 211 2812 vum
228 2776 332 2815 illius
350 2776 524 2815 voluisse
539 2778 663 2816 vitam
680 2777 837 2816 tradere
856 2807 863 2825 ,
880 2779 1066 2828 quoniam

114 2835 226 2873 Illidii
247 2841 287 2874 et
309 2835 407 2875 Galli
442 2839 725 2877 Confessurum
753 2841 834 2877 vita
866 2840 1068 2877 luculento

116 2899 219 2947 stylo
239 2904 416 2938 exstaret
439 2905 598 2938 exarata
616 2931 626 2947 ,
648 2902 774 2938 Boniti
806 2906 899 2939 aute
919 2912 939 2937 ¹:-
966 2901 1070 2938 desi-

116 2960 243 2997 derari
269 2961 487 3010 Adelpliius
506 2967 546 2999 et
576 2962 799 3001 Eucherius
832 2962 1066 3000 doluissent.

176 3111 209 3148 a)
234 3111 331 3141 Gallis
356 3110 476 3141 Allire.
505 3111 578 3141 vide
603 3111 788 3142 *rilleziionh
811 3115 889 3141 tom.
909 3111 988 3140 ΠΗ.
1011 3118 1079 3139 in*-

120 3170 201 3192 mor.
229 3163 311 3191 nisi.
339 3160 462 3192 EccleS.
490 3167 564 3199 pag.
582 3160 653 3190 425.

2020 68 2094 105 321

1144 138 1273 187 Longe
1313 138 1437 186 magis
1474 137 1546 174 hoc
1575 134 1833 173 confirmatur
1869 146 1919 173 ex
1961 137 2095 175 verbis

1145 200 1349 248 scriptoris
1377 200 1511 236 coaevi
1543 198 1667 247 ipsius
1692 202 1785 234 tom.
1812 198 1847 235 4.
1872 196 1960 234 Act.
2001 198 2098 237 San-

1144 261 1240 294 ctor.
1264 258 1336 295 Jan
1372 257 1455 295 XV.
1473 268 1560 307 pag.
1584 255 1698 294 4070.
1725 254 1876 294 Illidius
1899 255 2098 295 Aruerno-

1143 329 1230 355 rum
1268 319 1489 368 Episcopus
1524 318 1596 355 fuit
1620 317 1668 355 ab
1692 317 1806 355 Anno
1828 316 1916 356 370.
1943 317 2031 356 385.
2058 320 2095 357 S.

1143 378 1281 417 Gallus
1301 379 1349 417 ab
1372 378 1447 417 An.
1469 379 1546 420 5:25
1570 378 1616 416 ad
1645 376 1713 416 574
1746 383 1786 415 et
1810 378 1847 416 S.
1870 379 2036 418 Bonitus
2049 379 2099 418 ab

1142 439 1215 476 An.
1241 440 1317 478 689
1343 439 1391 478 ad
1416 439 1505 477 709.
1532 441 1571 478 S.
1599 437 1719 480 Illidii
1739 439 1822 478 vica
1846 451 1896 478 ex
1921 439 2095 491 Gregorii

1143 502 1388 540 Turonensis
1413 503 1511 540 Vitis
1543 503 1701 540 Patrum
1729 503 1766 538 in
1783 502 1892 540 Actis
1916 502 2095 540 Sanctor.

1143 567 1237 600 tom.
1269 565 1303 602 4.
1327 565 1434 602 Junii
1467 564 1509 600 V.
1538 574 1624 613 pag.
1663 563 1739 601 425
1773 567 1813 600 et
1851 575 1900 601 ex
1933 567 2096 602 vetusto

1144 622 1343 662 breviario
1371 623 1552 662 Illt'clz'ano
1574 635 1658 675 pag.
1677 622 1755 662 427
1777 635 1868 662 cum
1894 626 1996 662 notis
2020 624 2096 662 Go-

1145 685 1269 723 dfredi
1294 686 1544 724 Henschenii.

1196 746 1412 785 ILTUTUS
1443 749 1526 784 sive
1550 745 1714 784 Eleutus
1730 779 1738 794 ,
1766 747 1919 798 Anglus
1944 748 2097 796 nobilis,

1145 808 1365 857 discipulus
1397 807 1568 854 Cadaei,
1601 809 1683 857 ipse
1717 809 1849 847 clarus
1878 811 1981 847 circa
2019 810 2093 848 An.

1145 868 1222 906 5⁶20
1242 868 1421 906 conditor
1446 869 1671 906 Monasterii
1701 870 1737 906 in
1774 870 1972 919 Morgania
1995 871 2101 920 quod

1144 929 1381 968 Academiae
1407 931 1531 968 instar
1555 930 1677 968 fuisse
1700 931 1754 967 ait
1772 930 1970 969 Lelandus
1993 943 2026 970 c.
2050 932 2092 971 34

1145 992 1182 1028 in
1208 1003 1285 1041 quo
1307 992 1478 1030 instituti
1505 990 1659 1040 Gz'ldas,
1685 990 1825 1038 David,
1845 990 2039 1030 Paulinus
2059 999 2100 1030 et

1142 1053 1348 1103 Sampson.
1374 1053 1518 1092 Baleus
1543 1055 1707 1092 Centur.
1733 1054 1767 1091 4.
1792 1063 1876 1102 cap.
1898 1052 1947 1091 52
1969 1058 2009 1090 et
2027 1054 2102 1091 Pit-

1144 1125 1238 1152 seus
1265 1126 1350 1164 pag.
1379 1115 1428 1153 93
1453 1125 1535 1164 seq.
1570 1118 1792 1152 memorant
1824 1117 1911 1163 ejus
1948 1113 2102 1165 Episto-

1144 1174 1222 1212 lam
1237 1186 1358 1227 super
1374 1177 1602 1226 quaestione
1615 1176 1663 1214 ad
1679 1176 1910 1214 Samsonem
1930 1180 1970 1214 et
1983 1177 2100 1216 aliam

1141 1237 1196 1275 ad
1220 1238 1405 1275 Isaacum
1443 1241 1481 1276 et
1514 1237 1747 1276 Ati-oclzzum
1785 1235 2003 1288 Abbatem,
2029 1238 2100 1277 sed

1141 1310 1241 1348 quas
1253 1310 1324 1337 nec
1345 1300 1415 1349 ipsi
1428 1300 1554 1338 oculis
1569 1311 1612 1337 se
1631 1310 1847 1349 usurpasse
1865 1298 2096 1338 ostendunt.

1193 1359 1531 1406 lLUDOLPHUS.
1559 1361 1659 1397 infra
1685 1359 1992 1398 LUDOLPHUS.

1196 1421 1408 1468 IMARUS,
1438 1422 1649 1472 Iymarus,
1681 1422 1874 1467 Maurus,
1905 1422 2097 1469 Ymarus,

1139 1482 1277 1520 Gallus
1305 1494 1354 1520 ex
1385 1484 1574 1521 Monacho
1611 1484 1650 1521 S.
1693 1484 1848 1520 Martini
1873 1482 1922 1520 de
1952 1483 2100 1533 Campo

1139 1543 1233 1582 Ord.
1254 1545 1429 1583 Cluniae.
1452 1545 1500 1583 ab
1524 1555 1627 1583 anno
1646 1544 1760 1583 4442.
1782 1544 2005 1595 Episcopus
2025 1545 2100 1583 Tu*-

1141 1606 1358 1653 sculanuS.
1381 1606 1622 1653 Cardinalis,
1647 1605 1864 1645 defunctus
1889 1605 1961 1644 An.
1985 1605 2099 1644 1469.

1142 1667 1237 1706 Vide
1261 1667 1468 1718 Ughellum
1490 1674 1583 1706 tom.
1609 1670 1643 1706 4.
1669 1679 1755 1717 pag.
1779 1668 1869 1706 234.
1895 1669 1993 1706 Eius
2008 1667 2102 1719 Epi-

1139 1729 1238 1767 stola
1265 1728 1320 1767 ad
1344 1729 1562 1769 Ccmonz‘cos
1588 1728 1792 1767 Ecclesiae
1818 1729 2099 1769 Londomensis

1142 1802 1262 1841 super
1291 1792 1483 1829 electione
1519 1791 1700 1830 Richardi
1731 1792 1941 1842 Episcopi,
1962 1792 2038 1831 MS.
2062 1793 2098 1830 in

1139 1853 1236 1890 Bibl.
1263 1853 1498 1891 Cottoniana
1519 1865 1604 1903 pag.
1631 1852 1694 1891 73.

1194 1915 1399 1954 IMBRICO
1439 1917 1523 1953 sive
1558 1913 1784 1961 Embriclw.
1832 1916 2094 1963 Emmerz'cch,

1142 1977 1288 2014 Comes
1308 1988 1329 2015 a
1349 1978 1577 2028 Leiningen,
1604 1978 1827 2028 Episcopus
1850 1978 1909 2016 ab.
1930 1978 1975 2016 A.
1994 1978 2095 2017 4425

1140 2036 1186 2074 ad
1219 2038 1335 2076 444-7.
1362 2038 1666 2089 llerbipolensis,
1691 2039 1788 2077 Vide
1808 2040 1865 2077 Jo.
1893 2041 1996 2078 Petri
2021 2041 2095 2077 Lu—

1141 2099 1273 2149 dewig
1303 2101 1517 2150 scriptores
1550 2101 1901 2151 wirtzburgenses
1936 2113 1973 2151 p.
2003 2101 2094 2138 499.

1141 2173 1224 2210 seq.
1242 2159 1341 2210 Ejus
1358 2159 1622 2199 laudationem
1640 2160 1850 2213 funebrem
1868 2163 1909 2200 S.
1938 2160 2097 2200 Othonis

1138 2223 1322 2273 Episcopi
1360 2223 1665 2272 Bambergensis
1704 2228 1744 2261 et
1782 2225 2091 2262 Pomeranorum

1140 2283 1318 2333 Apostoli
1348 2283 1421 2321 An.
1454 2284 1568 2322 4039.
1600 2284 1776 2322 defuncti
1808 2289 2002 2322 memorat
2023 2285 2091 2322 Mi-

1138 2355 1255 2382 raeus
1289 2346 1327 2382 in
1363 2346 1538 2382 auctario
1582 2345 1630 2382 de
1674 2345 1714 2383 S.
1742 2346 1788 2383 E.
1818 2356 1903 2395 pag.
1937 2346 2000 2383 54.
2037 2347 2092 2384 De

1137 2405 1224 2442 aliis
1249 2406 1287 2443 S.
1311 2405 1483 2444 Othonis
1509 2407 1613 2443 vitae
1637 2406 1897 2456 scriptoribus
1918 2417 2036 2456 supra
2053 2409 2090 2444 in

1135 2465 1338 2504 ANDREA
1363 2467 1403 2505 S.
1429 2465 1643 2511 Michaelis,
1669 2472 1763 2504 tom.
1787 2469 1821 2506 4.
1848 2479 1934 2518 pag.
1956 2468 2021 2506 95.

1191 2527 1307 2566 INAS
1329 2527 1546 2577 Anglorum
1563 2527 1878 2567 Occidentalium
1899 2530 1985 2567 sive
2004 2528 2096 2567 We-

1138 2591 1312 2628 stsexiae
1336 2594 1376 2627 et
1396 2590 1667 2628 Gervisiorum
1693 2591 1774 2628 Rex
1795 2590 1843 2628 ab
1867 2589 1911 2628 A.
1935 2590 1976 2644 Q.
2003 2590 2094 2629 694.

1141 2652 1187 2691 ad
1211 2652 1298 2690 724.
1323 2651 1426 2701 Ejus
1452 2651 1574 2702 Leqes
1594 2651 1732 2690 LXXX.
1756 2653 1794 2689 in
1820 2652 2013 2691 Chronico
2034 2653 2097 2690 Jo—

1140 2715 1284 2753 hannis
1299 2715 1527 2764 Bromptoni
1546 2724 1631 2764 pag.
1652 2713 1741 2752 759.
1769 2724 1852 2763 seq.
1874 2715 1999 2764 Leges
2017 2714 2092 2753 Ec-

1140 2777 1389 2816 clesiasticae
1418 2775 1488 2814 Xl.
1520 2775 1647 2825 Anglo
1677 2776 1863 2812 saxonice
1887 2786 1980 2813 cum
2009 2786 2098 2813 ver-

1143 2839 1251 2876 sione
1281 2837 1384 2875 Guil.
1418 2837 1623 2875 Lambardi
1656 2837 1692 2873 in
1725 2835 1844 2885 hujus
1870 2835 2096 2875 Archaeno-

1145 2900 1233 2947 mia,
1254 2903 1294 2937 et
1320 2900 1355 2936 in
1379 2899 1631 2948 Speelinanni
1651 2898 1837 2937 Conciliis
1861 2897 1974 2947 Angl.
2000 2901 2094 2935 tom.

1143 2963 1177 3000 4.
1207 2971 1293 3011 pag.
1326 2960 1413 2998 482.
1444 2964 1483 2996 et
1511 2970 1560 2996 ex
1592 2960 1716 2995 veteri
1744 2959 1883 2997 Latina
1912 2960 2095 2997 versione

1145 3024 1219 3061 MS
1264 3022 1371 3071 Regii
1400 3025 1440 3058 et
1468 3021 1713 3058 Jornalensis
1749 3031 1835 3070 pag.
1869 3020 1958 3059 486.
1988 3024 2028 3058 et
2058 3022 2095 3058 in

1145 3085 1331 3124 Conciliis
1362 3082 1500 3121 Labbei
1532 3086 1626 3120 tom.
1658 3083 1692 3119 6.
1726 3081 1913 3120 llarduini
1943 3086 2037 3120 tom.
2061 3083 2097 3120 3.

1147 3153 1179 3183 el
1214 3147 1336 3186 Coleli
1367 3150 1463 3182 tom.
1495 3146 1527 3181 8.
1561 3143 1607 3181 ad
1641 3143 1711 3182 An.
1738 3144 1826 3182 692.
1858 3144 2002 3183 Confer
2030 3146 2098 3183 Pa-

1714 3226 1727 3262 4
1740 3225 1787 3262 20
