2293 3494
935 71 1272 111 JOANNES

123 139 318 178 habentur
342 139 381 176 in
410 139 539 178 sacris
564 138 714 179 Bibliis.
738 140 1062 181 slbbreviationes

116 202 373 240 inConconum
392 201 512 250 (puto
538 201 610 250 legi
631 201 774 240 debere
796 204 977 251 Scotum)
996 214 1061 242 su-

109 273 184 313 per
204 265 377 312 quatuor
399 260 521 300 libros
546 262 853 301 Sententiarum.

167 324 392 362 JOANNES
422 322 605 371 Siculus,
632 323 898 363 Astronomus
927 328 993 375 qui
1024 329 1061 363 in

117 385 286 423 Tabulas
316 385 528 423 Toletanas
558 386 715 435 scripsit
743 391 783 423 et
813 387 850 423 in
881 388 1063 426 Canones

91 471 94 474 ·
114 446 369 494 Arzachnlis,
386 446 461 485 MS.
476 447 611 484 Venet.
631 451 734 485 teste
746 449 953 487 Tomasino
969 461 1004 499 p.
1026 451 1061 487 5.

168 507 392 546 JOANNES
409 508 576 558 Aurispa
596 537 603 555 ,
623 520 698 546 non
717 510 892 548 Venetus
909 516 954 549 ut
967 510 1064 548 Cru-

116 570 283 608 cimanio
308 570 439 607 visum
461 581 548 620 pag.
572 570 658 608 450.
682 571 777 609 Βί1)1.
801 572 971 610 Gallicae
992 573 1062 610 sed

118 629 301 678 Siculus,
327 630 520 669 Sacerdos
543 631 730 681 IN'etinus,
761 632 909 671 Graece
933 638 973 671 et
995 636 1064 672 La-

117 693 198 729 tine
223 692 389 739 doctus,
414 693 528 730 Po'eta
552 697 592 730 et
616 694 780 743 Orator,
809 699 929 744 atque
958 694 1062 744 apud

118 754 390 792 Ferrarienses
413 755 543 792 Duces
569 759 608 792 et
633 757 774 805 Papam
796 756 996 793 Nicolaum
1018 755 1061 792 V.

117 817 326 866 gratiosus,
341 817 572 866 Praeceptor
596 818 795 855 Laurentii
819 817 950 855 Vallae
970 817 1064 854 obiit

124 878 270 916 Romae
292 880 555 927 nonagenario
575 880 730 928 propior
745 878 818 916 An.
838 879 951 916 4459.
968 878 1065 916 Vide

123 938 291 977 diarium
312 939 557 978 eruditorum
582 941 715 978 Italiae
739 944 833 978 tom.
852 939 957 977 XIII.
978 950 1065 989 pag.

122 1001 212 1039 26⁶2..
238 1005 278 1038 et
302 1000 519 1039 Antonium
549 1003 803 1051 Mongitorem
836 1002 932 1039 Bibl.
957 1001 1067 1039 Sicu-

124 1062 182 1099 lae
207 1066 300 1099 tom.
331 1063 362 1099 4.
388 1074 473 1113 pag.
497 1063 584 1102 322.
606 1064 732 1101 Vertit
755 1064 890 1101 Latine
908 1062 1071 1101 Philisci

125 1122 440 1161 Consolatoriam
459 1124 514 1162 ad
535 1124 759 1163 Ciceronem
785 1126 821 1162 in
845 1125 1069 1163 Macedonia

121 1185 374 1231 exulantem,
414 1197 435 1223 e
478 1188 626 1224 Graeco
664 1188 797 1224 Dionis
836 1188 961 1225 Cassii
1005 1187 1068 1224 lib.

119 1247 339 1285 XXXVIII.
360 1246 558 1285 Historiae
583 1250 692 1286 Rom.
718 1260 801 1299 pag.
826 1248 958 1286 70-78.
982 1250 1071 1286 Pro-

121 1307 192 1346 diit
213 1309 332 1346 Paris.
351 1309 466 1346 4540.
489 1309 524 1346 8.
548 1309 743 1347 Hieroclis
761 1311 1071 1348 commentarios

122 1371 160 1407 in
181 1380 300 1407 aurea
321 1371 494 1408 carmina
519 1370 851 1419 Pythagorae,ad
868 1372 1069 1410 Nicolaum

125 1432 169 1469 V.
194 1431 322 1469 editos
342 1433 476 1470 Patavi
503 1431 616 1470 4474.
645 1432 679 1468 4.
704 1433 737 1477 a)
761 1434 871 1470 Rom.
895 1432 1009 1471 4475.
1034 1433 1067 1469 4.

127 1492 248 1543 Lugd.
275 1494 336 1532 42.
362 1498 402 1531 ct
425 1505 474 1531 ex
501 1494 669 1532 Udalrici
703 1495 800 1532 Zasii
828 1495 913 1533 JCti
939 1506 1076 1532 recen-

126 1556 235 1592 sione
253 1583 261 1601 ,
279 1555 394 1592 Basil.
415 1554 530 1594 4⁹43.
552 1557 587 1593 8.
608 1555 774 1593 Laciani
795 1555 1002 1605 Dialogyum
1027 1555 1072 1593 cle

117 1616 399 1667 praecedentia
415 1570 670 1665 I-ssznnibalis,
687 1617 915 1656 Alexandri
936 1621 972 1655 ct
990 1617 1073 1655 Sci-

119 1678 251 1729 pionis
275 1689 409 1717 coram
439 1680 564 1718 Minoe
591 1679 747 1728 judice:
773 1679 821 1717 ad
853 1681 1071 1729 Baptistam

126 1740 318 1778 Senatorii
348 1741 533 1788 Ordinis,
564 1742 702 1780 Civem
732 1743 960 1780 Romanum·
994 1742 1072 1780 MS.

127 1802 164 1839 in
190 1801 286 1839 Bibl.
312 1802 459 1850 Gallis,
484 1803 725 1852 Venetisque
744 1832 751 1850 ,
772 1805 890 1841 etiam
918 1806 955 1840 in
973 1804 1071 1841 Cae-

128 1874 239 1901 sarea
260 1867 363 1901 teste
382 1864 587 1902 Lambecio
609 1869 701 1902 tom.
718 1865 755 1903 ⁶2..
770 1876 855 1915 pag.
873 1864 962 1903 934.
978 1867 1071 1903 Tra-

125 1925 231 1963 ditur
255 1927 372 1963 etiam
397 1924 645 1964 Archimedis
668 1937 786 1976 opera
812 1927 1067 1965 transtulisse

125 1991 166 2025 et
194 1987 358 2025 Homeri
381 1987 525 2026 vitam.-
557 1993 597 2026 et
626 1990 834 2038 scripsisse
863 1978 1072 2039 Epifsram-

125 2052 234 2086 mata
262 2053 381 2099 atque
413 2051 588 2101 insignes
628 2050 834 2101 Epistolas.
872 2052 985 2089 Plura
1036 2053 1070 2088 in

126 2111 213 2160 ejus
240 2111 399 2150 laudem
423 2113 460 2149 in
485 2113 680 2150 Francisci
704 2113 893 2162 Philelphi
917 2113 1075 2163 Episto-

127 2174 194 2221 lis,
211 2178 251 2212 et
269 2173 306 2211 in
327 2175 513 2224 Epistolis
530 2174 688 2212 Antonii
705 2175 963 2212 Panormitae.
982 2176 1076 2213 Car-

128 2235 235 2272 mina
256 2234 342 2284 ejus
359 2236 491 2273 nescio
513 2235 607 2285 quid
624 2236 846 2274 Sicularum
867 2246 1074 2286 gerrarum

130 2296 274 2334 habere
297 2297 469 2346 Gyraldo
492 2299 577 2335 visa
608 2302 702 2336 sunt
727 2298 791 2335 lib.
817 2299 851 2336 4.
877 2297 925 2335 de
950 2299 1076 2347 po'etis

134 2359 195 2396 sui
219 2359 408 2407 temporis
432 2369 517 2408 pag.
543 2358 606 2397 23.

185 2419 416 2458 JOAMEM
462 2419 668 2470 Signinum
710 2421 795 2458 sive
822 2419 1078 2470 *Siymerzsem

131 2482 372 2532 Episcopum
391 2510 398 2528 ‚
430 2493 513 2519 Sine
551 2483 740 2531 temporis
776 2485 866 2519 nota
906 2482 1078 2532 Cangius

134 2546 238 2582 inter
262 2545 475 2594 scriptores
491 2554 585 2582 suos
601 2544 777 2581 referens
801 2545 1003 2581 Lectorem
1021 2555 1081 2581 re-

132 2607 254 2644 mittit
283 2605 332 2643 ad
359 2605 508 2655 Ughelli
530 2609 683 2643 tomum
710 2607 745 2643 4.
769 2605 901 2642 Italiae
931 2615 1077 2643 sacrae.

133 2668 176 2705 In
194 2667 267 2705 hoc
282 2666 330 2705 de
346 2666 621 2717 Signiensibus
637 2665 846 2704 disseritur
860 2666 1080 2715 Episcopis,

132 2733 253 2778 atque
283 2730 385 2767 inter
414 2728 616 2778 illosjpag.
649 2728 764 2767 4235.
796 2738 877 2777 seq.
908 2728 1081 2765 Joannes

133 2791 268 2840 plures
283 2794 562 2829 numerantur:
579 2800 683 2828 unus
699 2790 766 2838 qui
780 2789 966 2827 Romanis
982 2789 1084 2827 Con-

134 2851 234 2888 ciliis
257 2862 319 2888 an.
345 2850 433 2889 724.
474 2856 514 2889 et
552 2851 640 2888 743.
666 2850 874 2897 interfuit,
900 2850 999 2888 alter
1015 2851 1081 2900 qui

134 2911 208 2949 An.
228 2913 319 2950 869.
339 2913 573 2963 subscripsit
592 2911 910 2950 condemnationi
934 2911 1081 2961 Synodi

137 2972 348 3011 Photianae
377 2971 452 3010 An.
482 2973 571 3011 864.
609 2973 789 3011 habitae:
821 2972 891 3011 sed
927 2974 1086 3022 respicit

197 3105 229 3143 a)
253 3104 447 3135 Lambecius
469 3107 550 3135 tom.
573 3105 640 3134 Vll.
664 3104 751 3143 gpag.
779 3103 848 3135 155.
876 3105 974 3136 Mich.
1000 3106 1095 3135 Mait-

137 3164 222 3193 taire
246 3159 357 3194 annal.
381 3152 577 3192 tvpograph.
603 3160 664 3190 pag
708 3151 776 3183 406.
802 3152 875 3185 145.

2003 73 2093 110 ’427

1138 143 1301 179 tertium
1322 142 1515 179 Joanuem
1533 141 1740 191 Signinum
1758 141 2012 191 Episcopum,
2030 145 2095 192 qui

1138 202 1267 241 adhuc
1294 204 1491 240 Diaconus
1516 203 1674 252 scripsit
1705 202 1829 241 Vitam
1853 203 1893 241 S.
1911 203 2096 249 Berarcli,

1133 263 1318 314 Episcopi
1348 265 1566 302 Marsorum
1597 263 1672 302 An.
1703 265 1818 302 4430.
1842 263 2017 303 defuncti
2042 265 2089 303 ad

1134 326 1325 363 Joannem
1346 327 1534 364 Furatum
1558 325 1861 373 Presbyterum,
1877 325 2024 364 editam
2044 327 2092 364 al»

1137 387 1274 424 eodem
1302 387 1460 436 Ughello
1481 398 1568 436 pag.
1591 387 1778 425 893-904.
1801 388 1888 425 Fuit
1917 393 1957 425 et
1977 400 2094 438 quar-

1135 453 1201 486 tus
1246 449 1467 498 Episcopus
1516 449 1737 498 Signiensis
1792 450 1966 487 joannes
2028 452 2093 499 qui

1135 510 1421 548 Casinensibus
1443 510 1643 548 Monacliis
1668 511 1855 559 reliquias
1880 512 1918 547 S.
1942 514 2093 550 Bruuo-

1137 572 1198 608 nis
1227 572 1427 608 concessit
1463 573 1564 609 circa
1580 570 1624 608 A.
1644 571 1758 610 4473.
1789 577 1828 609 et
1858 574 2023 622 quintus
2044 574 2093 611 ad

1137 643 1256 680 quem
1286 632 1459 681 Gregorii
1485 634 1534 670 X.
1552 633 1751 681 Epistolae
1781 635 1884 671 circa
1913 634 1959 672 A.
1979 634 2093 673 4270.

1195 691 1420 731 JOANNES
1449 693 1668 731 Sz'monecca
1697 694 1890 743 Calaber,
1921 696 2099 734 Secreta-

1136 754 1219 791 rius
1244 754 1401 791 Ducalis
1425 755 1601 802 scripsit,
1627 755 1701 792 Jul.
1729 756 1937 794 Caesarcm
1964 758 2090 794 Imita-

1137 818 1228 861 tus,
1259 814 1378 851 libros
1407 815 1552 852 XXXI.
1583 813 1629 852 cie
1657 813 1777 854 rebus
1803 816 1929 865 ycscis
1960 818 2091 855 Fran—

1138 874 1233 913 cisci
1257 873 1431 925 Sfortiae
1457 876 1575 912 Ducis
1614 875 1966 916 Mediolanensium
1983 879 2031 916 ab
2047 879 2092 916 A.

1140 937 1255 975 4421.
1286 937 1333 975 ad
1367 937 1482 975 4466.
1521 947 1620 985 quos
1657 936 1943 976 disertissimos
1978 945 2093 978 vocat

1140 999 1375 1037 Franciscus
1406 998 1634 1048 Philclphus
1666 999 1701 1034 in
1726 999 1904 1047 Epistola
1928 1000 1976 1037 ad
2001 1012 2093 1037 eum

1141 1061 1284 1109 scripta
1319 1060 1392 1097 An.
1432 1059 1546 1098 4479.
1581 1060 1853 1097 sinceritatem
1891 1071 1936 1098 ac
1973 1060 2091 1098 fidem

1140 1122 1314 1159 celebrat
1341 1122 1396 1159 Jo.
1427 1121 1650 1160 Matthaeus
1679 1122 1882 1159 Toscanus
1914 1123 1950 1158 in
1982 1122 2097 1171 peplo

1146 1184 1281 1221 Italiae
1306 1183 1370 1220 lib.
1404 1185 1437 1221 4.
1470 1195 1507 1219 n.
1540 1191 1651 1220 xxm.
1679 1181 1776 1220 Vide
1800 1182 1986 1220 Vossium
2012 1194 2100 1232 pag.

1145 1245 1235 1282 625.
1260 1245 1362 1282 Jovii
1388 1244 1512 1293 elogia
1537 1255 1621 1293 pag.
1645 1243 1721 1282 200
1747 1247 1786 1281 et
1810 1244 1987 1282 Diarium
2011 1255 2101 1282 eru-

1148 1305 1319 1343 ditorum
1348 1305 1481 1343 Italiae
1511 1310 1605 1342 tom.
1631 1306 1680 1342 X.
1712 1309 1797 1354 pag.
1830 1305 1920 1344 289.
1944 1304 2097 1342 Prodic-

1145 1371 1238 1405 ruut
1262 1366 1489 1413 Mediolani,
1520 1366 1612 1404 editi
1644 1365 1692 1404 ab
1721 1365 1893 1403 Antonio
1918 1367 2098 1413 Zarotto,

1149 1429 1267 1468 4479.
1298 1433 1417 1477 atquc
1444 1428 1533 1465 indo
1565 1427 1654 1465 ibid.
1682 1426 1784 1466 4486
1815 1432 1856 1465 et
1885 1428 2102 1465 novissime

1147 1495 1227 1527 tom
1268 1490 1373 1528 XXI.
1400 1489 1578 1527 thesauri
1604 1499 1737 1526 rerum
1768 1489 1995 1526 Italicarum
2020 1490 2102 1527 Mu-

1146 1553 1345 1590 ratoriani.
1371 1552 1404 1598 a)
1422 1550 1627 1588 Mediolan.
1649 1549 1762 1588 4732.
1780 1549 1842 1587 fol.
1862 1550 1995 1588 Italica
2011 1561 2101 1587 vcr-

1149 1615 1204 1651 sio
1229 1613 1500 1662 Christophori
1529 1611 1711 1660 Landini,
1736 1612 1950 1649 Florentini
1969 1611 2101 1649 lucem

1149 1675 1246 1712 vidit
1274 1674 1477 1712 Mediolan.
1510 1673 1627 1712 4490.
1655 1673 1719 1710 fol.
1750 1674 1887 1712 Venet.
1922 1672 2037 1711 4544.
2062 1678 2103 1711 ct

1147 1738 1269 1775 altera
1287 1736 1376 1774 Scb.
1396 1736 1543 1782 Fausti,
1561 1746 1582 1773 a
1600 1735 1798 1785 Longiano
1815 1733 1906 1771 ibid.
1924 1735 2038 1772 4543.
2065 1735 2102 1772 8.

1195 1798 1418 1837 JOANNES
1434 1796 1691 1843 Sz'ntlzemius‚
1710 1796 2036 1846 Congregationis
2056 1797 2099 1834 S.

1148 1860 1375 1909 Hieronymi
1399 1860 1658 1905 Daventriae,
1678 1862 1911 1907 praeceptor
1927 1858 2083 1895 Erasmi
2094 1886 2102 1902 ,

1148 1923 1251 1959 inter
1275 1921 1567 1958 Grammaticos
1592 1930 1735 1956 nomen
1761 1922 1890 1956 aetate
1915 1929 1987 1956 sua
2011 1929 2103 1956 con-

1149 1987 1314 2020 secutus
1342 1980 1639 2019 commentariis
1670 1980 1709 2017 in
1738 1978 1965 2017 Doctriaale
1988 1980 2106 2018 ALE-

1149 2043 1340 2083 XANDRI
1370 2042 1418 2080 de
1443 2042 1543 2081 Villa
1567 2042 1660 2089 Dei,
1685 2040 1733 2078 de
1758 2052 1835 2091 quo
1861 2052 1981 2091 supra
2005 2045 2099 2079 tom.

1149 2108 1162 2144 4
1200 2117 1287 2156 pag.
1318 2104 1383 2143 63.
1412 2104 1697 2144 Commentarii
1735 2103 1788 2139 illi
1828 2102 2007 2152 prodiere
2034 2104 2103 2140 Pa-

1150 2168 1255 2204 risiis
1284 2166 1389 2216 apud
1413 2165 1580 2203 Badium
1605 2163 1844 2202 Ascensium
1872 2164 1985 2202 4504.
2010 2163 2107 2202 Vide

1151 2229 1352 2267 Valerium
1383 2227 1583 2265 Andream
1616 2237 1702 2275 pag.
1735 2226 1811 2263 563

1204 2289 1427 2328 JOANNES
1444 2287 1660 2326 Monachus
1677 2286 1915 2325 Sitlzivensis
1934 2287 2019 2323 sive
2037 2287 2110 2336 Sy-

1154 2351 1338 2399 tlziensis,
1370 2352 1409 2389 S.
1440 2350 1589 2387 Bertini
1620 2349 1658 2385 iu
1688 2348 1820 2397 Belgio
1851 2349 1916 2396 qui
1949 2347 1999 2385 ad
2030 2348 2107 2385 fra-

1153 2419 1235 2452 tres
1265 2414 1303 2450 in
1332 2412 1511 2451 Ecclesia
1541 2410 1756 2448 Audomari
1795 2409 1869 2447 sub
1908 2409 2108 2447 Canonica

1154 2475 1397 2525 professione
1417 2473 1609 2523 degentes
1634 2471 1794 2521 scripsit
1823 2470 1949 2510 Vitam
1974 2471 2008 2508 S.
2033 2470 2109 2507 Er-

1154 2534 1401 2575 lcembodonis
1423 2534 1607 2585 Episcopi
1632 2533 1901 2570 Ternanensis
1925 2536 1964 2569 ct
1981 2531 2109 2569 Abba-

1156 2602 1207 2637 tis
1236 2597 1490 2643 Sithuensis,
1524 2595 1699 2633 defuncti
1731 2593 1776 2632 A.
1821 2593 1911 2631 742.
1953 2593 2102 2631 editam

1156 2673 1248 2700 cum
1278 2659 1515 2699 Henschenii
1542 2658 1649 2695 notis
1674 2658 1712 2694 in
1737 2656 1846 2694 Actis
1871 2656 2108 2693 Sanctorum

1157 2728 1251 2762 tom.
1283 2723 1306 2761 2
1337 2720 1458 2771 April.
1489 2730 1575 2769 pag.
1608 2719 1672 2756 93.
1701 2717 1784 2755 sed.
1821 2721 1941 2766 atque
1980 2716 2110 2765 suspi-

1158 2790 1271 2824 catur
1295 2782 1578 2822 Henschenius
1602 2781 1793 2817 Joannetn
1820 2779 1926 2816 hunc
1952 2789 2029 2815 non
2054 2777 2111 2815 di-

1158 2857 1323 2885 versum
1347 2855 1436 2883 esse
1461 2854 1483 2881 a
1506 2843 1654 2879 Joaime
1678 2839 1809 2890 Ipcrio
1834 2839 2020 2877 defuncto
2036 2837 2110 2876 An.

1161 2907 1275 2948 4387.
1306 2906 1354 2944 de
1384 2916 1461 2954 quo
1492 2913 1612 2953 supra
1642 2903 1679 2939 in
1710 2903 1859 2940 Joanne
1885 2901 2110 2940 Bertiniano

1161 2981 1246 3020 pag.
1273 2969 1358 3007 458.
1386 2971 1426 3005 et
1451 2967 1489 3003 in
1513 2968 1664 3003 Joanne
1689 2964 1840 3012 [prensi
1867 2975 1952 3013 pag.
1979 2963 2066 3000 373.

1216 3100 1248 3136 a)
1275 3103 1354 3131 Acta
1388 3097 1488 3127 Erud.
1518 3096 1606 3127 1755.
1632 3106 1664 3135 p.
1688 3095 1761 3125 444.
1786 3092 1924 3125 Journal
1962 3093 2017 3124 des
2042 3095 2117 3124 Sav.

1165 3150 1255 3180 1755.
1280 3157 1342 3188 pag
1379 3146 1450 3177 569.
