2293 3494
909 113 1218 152 JACOBUS

102 188 207 227 nulla
228 187 331 236 typis
353 186 550 235 exscripta
575 196 663 223 esse
688 187 762 225 sub
786 185 893 224 Artis
921 190 1034 235 typo-

98 248 302 299 graphicae
326 246 549 298 primordia7
569 246 842 295 Quodlibelum
860 250 1034 286 statuum

99 309 370 355 humanorum,
399 307 445 346 de
467 311 554 346 arte
574 309 746 348 curandi
767 309 875 359 vitia,
905 308 951 347 de
975 320 1036 346 er-

97 369 258 409 roribus
289 369 564 408 modernorum
605 369 924 409 Christianorum
949 400 957 417 ,
989 368 1035 408 de

97 430 354 471 abusionibus
379 431 645 474 elericorum,
661 444 760 482 quae
785 434 915 471 omnia
935 434 1037 470 inter

97 493 322 544 Gruytrodii
347 495 492 543 scripta
516 499 622 532 recte
647 506 668 532 a
692 495 906 533 Trithemio
926 503 1037 544 prae-

98 560 330 603 tereuntur,
367 559 406 593 et
429 556 584 595 ..lacobo
620 556 877 595 Paradisiensi
916 553 1037 591 vindi-

98 617 222 656 canda
243 621 348 656 sunt.
373 618 532 655 Rectius
552 617 600 655 ad
621 617 902 667 Gruytrodium
927 627 948 654 a
964 615 1037 653 Ge-

99 680 154 717 rio
170 679 396 717 referuntur
408 677 603 729 pharetra
620 679 754 718 Dz'vlni
775 679 935 728 amoris,
946 679 1040 716 Jesu

100 740 250 780 Christi
273 740 326 778 ad
342 740 518 778 animum
535 740 692 791 fidelem
725 740 924 793 alloquia:
946 741 1040 777 Jesu

102 802 266 842 CHristi‘
287 806 325 841 et
341 803 563 855 peccatoris
583 802 827 854 colloquium,
848 803 952 841 edita
969 803 1041 840 Co-

99 866 174 903 lon.
203 865 304 904 4577
335 866 396 904 42.
436 866 618 903 Vicissim
656 865 704 904 ad
740 866 907 915 priorem
947 868 1041 914 puto

99 928 233 966 referri
258 932 436 978 oportere
458 926 756 979 disputationem
770 938 846 978 pro
869 929 1041 976 utraque

98 993 216 1041 parte
244 988 410 1028 Concili'z‘
422 988 659 1027 Basileeusis
674 1020 684 1037 ‚
709 999 828 1038 quam
852 987 1043 1037 Gruytroa

102 1052 165 1090 dio
211 1051 458 1090 tribuendam
496 1052 697 1101 supicatus
739 1054 801 1089 est
839 1050 1042 1088 simlerus,

107 1114 186 1152 Nec
213 1125 288 1152 non
312 1111 474 1151 Oculum
496 1110 819 1151 considerationis
838 1109 1047 1160 Reliqz'oso-

108 1187 224 1221 rum,
250 1179 290 1213 et
313 1175 368 1212 De
392 1173 507 1213 mulis
537 1173 653 1226 hujus
676 1172 815 1221 seculi,
841 1184 939 1222 quac
974 1171 1047 1209 sub

103 1235 234 1275 Jacobi
254 1236 550 1275 Carthusiensis
569 1237 725 1274 nomine
746 1239 939 1273 memorat
955 1232 1045 1271 San-

106 1299 226 1337 derus
250 1303 359 1349 parte
385 1298 419 1336 2.
442 1297 537 1336 Bibl.
562 1298 668 1346 Belg.
694 1298 801 1335 MSS·
832 1309 866 1346 p.
892 1297 955 1334 84.

151 1360 172 1384 *
196 1362 274 1399 Viri
299 1361 416 1399 huius
441 1361 652 1398 Sermones
676 1357 938 1395 Doininicales
966 1355 1045 1393 vidi

99 1436 169 1472 ego
199 1423 371 1460 Viennae
402 1422 438 1457 in
470 1419 709 1458 Bibliotheca
749 1418 974 1456 monasterii
1006 1417 1044 1455 S.

100 1486 238 1523 Mariae
250 1484 454 1522 Scotorum
469 1480 612 1518 Ord.S.
628 1479 827 1517 Benedicti
854 1479 1047 1527 antiquis-

101 1548 200 1584 sima
220 1545 389 1582 editione
411 1553 581 1581 excusos
607 1542 644 1578 in
673 1542 705 1578 4.
727 1540 878 1590 absque
902 1539 1047 1577 adscri-

100 1609 231 1659 ptione
261 1606 346 1644 loci.
377 1609 411 1641 et
445 1604 634 1654 temporis
664 1603 822 1641 titulum
849 1601 1044 1639 ferebant:

99 1679 298 1708 sermones
316 1665 566 1705 dominicales
578 1677 651 1717 per
668 1663 859 1703 mimium
877 1664 915 1702 S.
934 1662 1047 1700 Theo-

100 1730 225 1781 loyi'ae
271 1727 541 1780 Professorem
585 1728 630 1764 D.
677 1723 868 1763 Jacobum
911 1724 1047 1762 (lomus

100 1790 420 1831 Cliarllzusz'ensz's
450 1793 571 1828 eustra
600 1799 734 1826 muros
770 1785 1048 1838 Erforclieuses

98 1854 293 1894 vicarium
305 1852 547 1891 cizithorizuti
557 1852 603 1890 de
616 1853 722 1890 Dom.
736 1850 888 1889 Nicolao
901 1851 949 1887 Pa
956 1861 1000 1898 pa
1011 1849 1047 1885 s.

155 1923 376 1964 JACOBUS
400 1922 446 1961 de
469 1921 643 1961 Cessulis
667 1923 751 1960 sive
772 1920 937 1961 Cesolis,
955 1920 1047 1957 Cas-

99 1988 216 2033 salis7
262 1986 418 2024 Casulis
466 1990 550 2032 <von
581 1985 733 2031 Dulteu)
773 1981 868 2021 Ord.
912 1980 1045 2019 Praed.

96 2048 232 2087 Gallus
260 2049 281 2086 e
311 2048 482 2085 Tirascia
500 2077 508 2095 ⁷
528 2046 577 2084 de
598 2050 800 2084 conventu
830 2044 1013 2082 Remensi
1033 2074 1042 2089 ,

103 2113 205 2150 circa
221 2109 295 2148 An.
321 2110 435 2148 4290.
451 2109 666 2147 Trithemio
682 2119 715 2147 c.
742 2107 817 2146 704
843 2111 882 2145 et
904 2106 961 2143 Jo.
985 2105 1047 2142 Ja-

95 2173 190 2212 cobo
211 2174 236 2210 F
243 2173 333 2210 risio
349 2173 490 2210 vitiose
504 2170 676 2209 Jacobus
696 2170 742 2208 cle
760 2166 1043 2213 Thessalonica,

100 2235 259 2285 scripsit
284 2234 425 2272 librum
444 2235 482 2271 in
497 2238 666 2283 quatuor
686 2232 942 2270 distributum
958 2241 1047 2279 par<

95 2302 156 2335 tes
180 2295 225 2334 de
240 2293 417 2334 moribus
438 2295 633 2333 himinum
654 2298 691 2332 et
715 2293 761 2332 de
782 2291 918 2345 officiis
938 2281 1049 2328 uobi-⁴

96 2357 190 2395 lium
213 2368 333 2407 super
368 2355 456 2394 ludo
481 2355 801 2394 latrunculorum
825 2356 910 2392 sive
935 2363 1044 2391 scuc-

96 2430 244 2456 corum.
261 2418 467 2456 Mediolan.
486 2417 586 2455 4479
613 2419 676 2455 fol.
700 2419 843 2455 Exstat
867 2417 903 2452 in
925 2415 1045 2452 variis

97 2479 349 2518 Bibliothecis
391 2490 466 2516 non
508 2480 642 2516 Latine
677 2478 803 2516 solum
829 2476 896 2514 sed
928 2476 1046 2514 etiam

103 2542 260 2583 Italice,
288 2541 384 2588 (448
403 2551 527 2579 cusus
550 2543 588 2578 in
613 2540 780 2578 Fz'renze
803 2539 905 2578 4493
943 2539 978 2575 in
1011 2537 1044 2574 4.

99 2607 138 2640 et
167 2602 206 2640 z'n
233 2601 377 2641 Milano
408 2603 519 2641 4829.
542 2603 577 2640 8.
603 2601 691 2652 fig.)
716 2607 755 2639 et
783 2602 931 2639 Joanne
955 2601 1046 2637 Fer-

99 2675 192 2702 rono
208 2664 421 2714 interprete
454 2668 572 2714 atque
584 2663 732 2701 Joanne
742 2664 947 2712 Duvignay
958 2661 1047 2699 Gal-

99 2726 189 2773 lice,
227 2736 299 2764 nec
334 2737 410 2763 non
440 2726 671 2764 Germanice
695 2729 780 2763 tum
809 2724 936 2761 soluto
967 2734 1049 2760 ser-

100 2798 216 2826 mone
238 2817 246 2831 ,
294 2792 378 2826 tum
431 2787 658 2838 paraphrasi
710 2786 935 2836 rhythmica
984 2796 1052 2835 per

101 2849 327 2888 Conradum
350 2861 427 2888 von
448 2850 718 2889 Amenhusen.
742 2850 840 2888 Vide
864 2849 1052 2889 Jacobum

103 2911 246 2957 Quetif.
269 2916 362 2949 tom.
389 2914 425 2950 4.
448 2923 485 2962 p.
514 2911 582 2950 474
613 2916 652 2950 et
674 2916 769 2950 tom.
794 2913 829 2950 2.
855 2924 943 2963 pag.
965 2913 1054 2950 848.

103 2985 185 3023 seq.
207 2972 457 3011 Lambecium
485 2977 514 3011 t.
537 2974 572 3011 2.
597 2974 694 3012 Bibl.
715 2974 877 3012 Vindob.
906 2986 941 3024 p.
965 2974 1054 3012 848.

156 3034 376 3074 JACOBUS
414 3035 514 3074 Cina
535 3067 546 3083 ,
572 3047 698 3086 supra
737 3034 908 3074 Jacobus
936 3035 981 3074 cle
1016 3037 1055 3075 S.

104 3095 276 3136 Audrea,

1971 103 2045 142 301

1160 183 1381 223 JACOBUS
1405 182 1450 220 (lc
1476 180 1649 220 Clavaro
1674 180 1759 217 sive
1783 174 1967 215 Cluveri'o
1993 175 2053 213 Li-

1109 260 1181 298 gur
1198 276 1206 292 ,
1226 246 1317 285 Ord.
1345 244 1477 283 Praed.
1504 247 1544 281 et
1567 241 1789 290 Theologus
1806 240 1842 276 in
1866 236 2051 276 Academ.

1108 309 1314 347 Austriaca
1349 306 1562 345 Viennensi
1600 305 1703 342 circa
1727 302 1801 341 An.
1827 300 1941 339 4423.
1976 309 2054 348 quo

1110 375 1286 421 tempore
1309 381 1400 408 cum
1418 370 1532 406 Petro
1549 366 1671 404 Pullia
1694 370 1734 402 et
1756 362 2054 402 Bartholomaeo

1112 432 1159 471 do
1184 433 1335 471 Ebraco
1364 430 1522 479 scripsit
1548 431 1759 465 tractatum
1796 428 1936 463 contra
1958 426 2058 461 urti-

1112 492 1217 532 culos
1247 490 1488 544 principales
1525 489 1792 527 Hussuarum.
1817 486 1913 525 Vide
1944 487 2057 524 Jaco-

1111 555 1205 594 bum
1235 553 1370 600 Quetif
1386 557 1481 590 tom.
1506 553 1520 590 4
1547 580 1554 598 ,
1579 561 1665 600 pag.
1691 548 1767 588 773
1789 560 1870 597 seq.

1166 616 1390 655 JACOBUS
1423 612 1626 660 Clericus,
1652 613 1843 649 Dominus
1864 609 1912 647 de
1936 611 2059 647 Beau-

1115 681 1225 725 voir,
1266 676 1428 714 Joannis
1472 675 1610 713 Clerici
1653 673 1816 711 Abbatis
1857 671 2058 711 Vedastini

1116 741 1234 778 frater
1264 738 1529 778 Artesiensis,
1555 736 1655 772 vixit
1687 736 1723 772 in
1762 734 1853 772 aula
1892 733 2058 782 Philippi

1115 802 1210 840 Boni
1242 798 1492 849 Burgundiae
1522 798 1666 843 Ducis,
1695 797 1797 834 circa
1835 795 1908 833 An.
1945 794 2060 832 4446.

1115 871 1351 921 scripsitque
1375 868 1658 906 commentaria
1683 868 1768 903 sive
1797 866 1973 903 Diarium
2000 875 2063 901 eo-

1116 945 1203 972 rum
1229 943 1329 982 quae
1351 929 1455 980 apud
1476 928 1687 966 Atrebates
1707 931 1747 963 et
1770 927 1866 964 locis
1886 925 2064 963 finitimis

1118 1006 1188 1033 sua
1214 996 1343 1032 aetate
1376 991 1587 1039 contigere.
1619 988 1714 1025 Vide
1749 987 1947 1025 Valerium
1985 986 2066 1024 An-

1118 1056 1254 1096 dream
1275 1066 1360 1106 pag.
1385 1054 1471 1091 406.
1494 1051 1735 1090 Sweertium
1754 1060 1839 1099 pag.
1866 1047 1954 1086 3:50.
1972 1048 2067 1086 Vos-

1120 1121 1223 1157 sium
1247 1129 1332 1168 pag.
1361 1116 1450 1154 563.

1172 1179 1394 1219 JACOBUS
1414 1176 1460 1214 dc
1485 1175 1620 1223 Clusa,
1642 1173 1932 1213 Carthusianus
1952 1171 2067 1210 cuius

1121 1246 1334 1280 tractatum
1352 1238 1397 1276 (le
1412 1234 1728 1289 apparitionibus
1737 1234 1966 1272 animarum
1976 1236 2068 1283 post

1123 1303 1277 1341 emitum
1300 1313 1325 1338 α
1350 1297 1582 1351 corporebus
1605 1301 1642 1335 et
1670 1297 1714 1335 de
1752 1294 1967 1334 earundem
2004 1305 2068 1331 rc-

1120 1362 1331 1414 ceplsiculi's
1369 1362 1519 1399 editum
1558 1359 1777 1408 Burgdorlii
1816 1360 1854 1395 in
1887 1357 2067 1395 Helvetia

1123 1428 1136 1464 4
1151 1425 1238 1463 4755.
1263 1424 1324 1461 fol.
1347 1426 1549 1461 memorat
1575 1421 1780 1459 simlerus.

1169 1486 1393 1525 JACOBUS
1423 1484 1468 1522 (le
1510 1482 1701 1522 Columna
1736 1480 1837 1531 apud
1876 1480 2069 1528 Cangiurn

1122 1549 1350 1597 multosque
1382 1547 1478 1585 alios
1524 1546 1664 1582 vitiose
1704 1555 1773 1593 pro
1806 1542 1997 1580 JOArx'NE
2028 1540 2073 1578 de

1124 1610 1315 1650 Columna
1339 1609 1387 1646 de
1418 1620 1494 1658 quo
1522 1618 1638 1657 supra
1665 1611 1758 1644 tom.
1786 1607 1800 1644 4
1829 1634 1836 1651 ‚
1862 1616 1946 1655 pag.
1985 1603 2072 1641 373.

1122 1673 1219 1711 Vide
1249 1671 1438 1709 Jacobuni
1467 1669 1602 1715 Ouetif
1623 1673 1716 1705 tom.
1740 1670 1774 1712 4,
1795 1678 1883 1718 pag.
1908 1667 1996 1705 449.

1178 1733 1401 1772 JACOBUS
1420 1729 1710 1781 Conyeshovi'us
1731 1730 1815 1767 sive
1839 1730 1877 1767 Κ
1879 1726 2077 1778 onyelsho-

1122 1798 1232 1837 vius:
1259 1795 1360 1833 infra
1381 1792 1553 1832 Jacobus
1578 1792 1624 1831 de
1644 1790 1920 1843 Konzgyslzofeu.

1177 1858 1401 1898 JACOBUS
1441 1857 1616 1895 Crassus
1651 1856 1734 1891 sive
1777 1852 1953 1892 Grassus
1981 1851 2074 1889 Ord.

1120 1921 1252 1961 Praed.
1287 1920 1404 1970 cujus
1445 1916 1689 1957 Colleclanca
1722 1915 1768 1953 cle
1793 1913 1977 1953 laudibus
2002 1915 2077 1952 Ρα-

1118 1984 1254 2022 normi
1281 1983 1387 2021 MSS.
1416 1981 1622 2019 Francisco
1648 1979 1812 2017 Baronio
1826 1982 1865 2015 et
1884 1977 1970 2014 aliis
1994 1976 2074 2014 lau·

1123 2048 1217 2086 data
1249 2048 1442 2084 memorat
1470 2043 1668 2081 Antonius
1697 2041 1887 2090 Mongitor
1915 2044 2011 2076 tom.
2042 2041 2076 2077 4.

1120 2110 1226 2149 Bibl.
1251 2108 1406 2147 Siculae
1430 2117 1515 2156 pag.
1542 2105 1630 2143 299.

1145 2171 1305 2209 JACOB
1317 2170 1376 2208 US
1401 2165 1675 2207 Cremonensis
1694 2166 1795 2203 circa
1820 2163 1894 2202 An.
1917 2163 2017 2202 4450
2041 2163 2076 2199 in

1121 2234 1287 2284 gratiam
1318 2231 1465 2270 Nicolai
1496 2230 1539 2267 V.
1570 2228 1770 2267 Pontiticis
1801 2227 1937 2264 Latine
1961 2226 2082 2264 vertit

1120 2307 1169 2333 ex
1199 2295 1361 2332 Graeco
1401 2293 1547 2341 scripta
1582 2288 1854 2328 Archimedis:
1886 2288 1954 2326 diu
1992 2290 2081 2337 post

1119 2356 1250 2394 Jacobi
1273 2355 1422 2393 obitum
1438 2353 1539 2391 edita
1552 2350 1798 2390 Β35ἰ1.4544.
1818 2349 1945 2387 [Vide
1962 2350 2082 2387 Fran—

1117 2419 1210 2456 cisci
1229 2418 1347 2456 Arisii
1366 2417 1602 2455 Cremonam
1621 2414 1835 2451 litteratam
1859 2415 1887 2448 t.
1907 2411 1984 2461 Ἢ).
2007 2411 2081 2449 485

1134 2485 1176 2519 et
1191 2481 1367 2519 Diarium
1386 2477 1631 2517 eruditorum
1657 2475 1791 2513 ltaliae
1806 2478 1833 2510 t.
1857 2473 1905 2511 43
1931 2485 1966 2523 p.
1991 2474 2080 2512 244.

1170 2540 1191 2561 *³
1220 2538 1447 2578 JACOBUS
1473 2548 1499 2574 α
1531 2535 1660 2575 Cruce
1697 2531 1949 2571 Bononiensis
1977 2532 2085 2571 dedii.

1119 2604 1240 2641 etiam
1273 2601 1579 2640 Annotationes
1602 2599 1639 2634 in
1664 2595 1865 2643 Ovidium,
1886 2597 1924 2633 in
1960 2596 2083 2645 Virgi-

1117 2665 1230 2712 lium,
1259 2665 1296 2701 in
1325 2664 1515 2709 Persium,
1538 2662 1754 2705 Lucanum,
1793 2658 1906 2695 Statii
1939 2657 2083 2707 Sylvas

1121 2727 1301 2776 aliosque
1325 2725 1515 2764 authores
1541 2727 1723 2769 veteres3
1748 2719 1850 2770 quod
1878 2721 1964 2758 eius
1989 2730 2084 2768 opu-

1125 2789 1280 2827 sculum
1303 2791 1436 2825 exstat
1462 2787 1500 2822 in
1527 2784 1762 2822 collectione
1783 2781 2081 2820 adnotat-ionum

1126 2851 1334 2889 doctorum
1375 2858 1552 2885 virorum
1581 2857 1603 2883 a
1632 2844 1750 2883 Badio
1788 2842 1979 2880 Ascensio
2014 2853 2080 2879 ex-

1127 2922 1223 2950 cusa
1247 2922 1308 2949 an.
1336 2911 1450 2948 4544.
1488 2908 1540 2945 lbi
1579 2907 1728 2956 pariter
1757 2908 1896 2942 extant
1933 2903 2083 2952 praele-

1128 2975 1280 3012 ctiones
1318 2970 1405 3021 ejus
1444 2972 1479 3006 in
1521 2969 1689 3013 Livium,
1717 2967 1837 3004 Boetii
1862 2965 2003 3003 librum
2032 2964 2080 3002 de

1131 3034 1414 3079 consolatione7
1439 3035 1478 3069 et
1504 3029 1743 3069 Iuvenalem.
1769 3027 1962 3065 Libellum
1988 3037 2080 3064 vero

1129 3098 1235 3135 hunc
1257 3098 1418 3132 centum
1456 3096 1496 3130 et
1533 3091 1739 3140 sexaginta
1769 3088 2080 3128 animadversio-

159 3158 378 3197 JACOBUS
404 3158 675 3197 Cistercz'enszs
700 3188 711 3211 ‚
743 3171 860 3211 supra
889 3158 1060 3200 ‚Iacobus
1132 3170 1202 3197 nes
1217 3158 1418 3196 continere
1434 3154 1579 3192 indicat
1596 3152 1818 3191 versiculus
1839 3151 1917 3190 iste.
1937 3151 1974 3188 in
2000 3150 2075 3188 fine

108 3220 292 3271 Auylz'cus
313 3226 351 3259 et
372 3219 542 3258 Jacobus
562 3220 865 3260 Carthusi'anus.

1132 3219 1308 3272 opusculi
1341 3217 1531 3270 legendus
1550 3230 1556 3253 t
