2293 3494
932 65 1259 104 JOANNEs

108 136 196 175 586.
227 136 438 185 praecipue
481 134 750 184 eloquentiam
782 136 870 186 ejus
901 137 1056 187 praedi-

107 207 202 236 cans
231 207 348 245 quam
380 196 418 232 in
452 195 638 234 Oratione
678 197 733 236 ad
761 198 874 236 Pium
904 198 955 235 II.
987 200 1057 236 Pa-

108 269 197 308 pam
215 257 518 295 demonstravit.
541 257 649 296 Alias
670 271 828 309 quoque
848 259 935 309 ejus
957 260 1058 298 Ora-

109 319 230 356 tiones
259 317 314 356 ad
343 319 593 370 Purpuratos
626 321 765 358 Patres
795 325 835 359 et
862 320 917 359 ad
938 322 1058 359 Pata-

105 380 256 419 vienses
300 380 441 418 Baleus
471 382 570 420 VIII.
602 381 666 420 46.
698 387 920 430 memorat,
951 384 1057 421 sicut

105 441 304 491 Epistolas
333 454 492 492 quoque
511 474 522 491 ,
554 447 594 480 et
622 443 787 494 Anglice
816 445 865 482 ab
894 456 939 482 eo
969 456 1059 482 ver-

106 515 150 542 sa
168 505 371 543 Ciceronis
391 505 585 543 Catonem
610 517 655 544 ac
680 507 857 546 Laelium
883 517 955 545 nec
980 517 1058 544 non

105 567 144 603 P.
158 566 331 604 Cornelii
349 569 390 604 et
404 565 486 615 Caji
506 567 682 605 Flaminii
700 568 909 606 Orationes
925 568 974 607 de
989 578 1057 605 ve-

103 638 146 665 ra
168 627 390 665 Nobilitate.
410 627 563 666 Eadem
586 634 721 668 narrat
739 631 896 668 Pitseus
912 641 948 679 p.
967 629 1055 666 664.

159 686 385 727 JOANNES
406 689 712 740 Tissinylztonus,
731 691 902 730 Lelando
917 702 949 729 c.
969 691 1057 728 455.

109 748 376 788 Tissendunus
396 781 406 798 ,
437 749 592 801 Anglus
611 783 622 800 ,
653 752 745 790 Ord.
771 753 907 790 Minor.
933 751 1059 788 Theo-

103 811 217 860 logus
246 812 374 850 Oxon.
404 812 621 851 defunctus
645 813 721 852 An.
748 814 862 852 4395.
888 812 1059 862 Scripsit

106 875 245 910 contra
275 871 556 924 confessionem
602 873 749 925 Wiclefi
765 903 772 919 ,
801 877 958 912 scutum
982 883 1057 923 pro

104 933 385 972 Eucharistiae
413 933 636 987 defensione
665 940 704 973 ot
728 946 806 985 pro
833 933 1057 985 Confessio-

104 1003 152 1030 ne
175 992 406 1031 auriculari
422 1023 430 1039 ,
452 993 498 1032 de
521 993 792 1032 Sacramentis
808 1025 818 1041 ,
840 995 1059 1032 certamina

105 1053 357 1092 scholastica.
382 1055 477 1093 Vide
503 1057 666 1094 Baleum
690 1057 770 1094 Vll.
797 1056 856 1094 43.
881 1057 1057 1093 Pitscum

105 1126 141 1164 p.
173 1116 260 1153 560.
284 1117 474 1155 Bzovium
493 1116 540 1155 ad
559 1117 603 1155 A.
623 1118 726 1156 4445
758 1130 796 1154 n.
814 1116 875 1155 58.
902 1128 937 1166 p.
965 1117 1054 1154 489.

164 1176 391 1216 JOANlN‘ES
425 1177 684 1226 Titlesffllus,
714 1178 887 1216 Lelando
915 1189 947 1216 c.
971 1178 1061 1215 393.

110 1237 392 1286 Titelesaulus‚
422 1250 542 1288 supra
573 1251 609 1288 p.
641 1241 729 1278 434.
760 1239 1046 1289 'l‘acesphalus.

157 1299 381 1338 JOANNES
410 1300 596 1350 Tompson
617 1302 702 1339 sive
732 1302 967 1347 Tomsonus,
991 1302 1061 1338 Le-

106 1361 226 1399 lando
261 1359 546 1399 leomaesonus
591 1361 693 1399 idem
739 1374 858 1411 quem
899 1375 948 1401 cx
977 1362 1061 1399 Tri-

105 1422 257 1461 themio
287 1433 407 1472 supra
437 1434 524 1473 pag.
551 1424 639 1462 349.
661 1424 851 1461 loannem
877 1423 1062 1474 Campse-

104 1495 198 1522 num
233 1485 456 1534 appellavi,
484 1485 663 1535 Anglus,
693 1486 908 1525 Carmelita
951 1487 1055 1523 circa

102 1546 175 1584 An.
208 1546 322 1584 4340.
370 1546 531 1595 scripsit
577 1551 737 1596 practer
767 1548 983 1586 Sermones
1011 1546 1057 1585 ad

105 1608 265 1645 Clerum
284 1637 294 1653 ‚
324 1607 373 1645 de
403 1612 580 1658 tempore
601 1638 608 1655 ,
639 1609 686 1647 dc
713 1610 871 1648 Sanctis
893 1613 933 1646 et
957 1609 1059 1654 Qua-

105 1668 367 1719 dragesimale
385 1700 395 1716 ,
426 1674 530 1707 teste
560 1670 734 1708 Lelando
762 1682 845 1720 cap.
871 1671 959 1709 465.
982 1671 1061 1708 Μο-

104 1729 210 1768 ralia
234 1732 272 1769 S.
296 1730 553 1782 Scripturae,
579 1732 901 1770 Commentarios
924 1731 964 1769 in
987 1731 1062 1769 Ec-

105 1791 370 1830 clesiasticum
400 1797 441 1830 et
472 1793 511 1830 in
533 1792 792 1843 Evanyelium
815 1793 990 1831 loannis.
1017 1793 1061 1830 In

109 1855 169 1891 IV.
202 1852 324 1892 libros
363 1855 668 1893 Sententiarum.
713 1856 759 1892 In
801 1854 1058 1906 Mytholoyias

102 1914 305 1964 Fulqentii
331 1917 405 1963 (cx
436 1917 588 1954 Joanne
618 1915 846 1954 Riedevallo
889 1916 938 1954 de
980 1927 1058 1965 quo

104 1988 223 2027 supra
255 1989 288 2027 p.
322 1978 439 2025 409.)
471 1979 538 2016 llis
570 1979 712 2017 Baleus
741 1977 803 2016 Vl'.
830 1978 893 2015 66.
917 1976 1058 2026 adjun-

102 2040 181 2088 git:
213 2040 272 2077 Ex
303 2040 384 2078 Mc.
430 2040 618 2077 Trivetho
648 2039 697 2077 de
727 2040 1055 2087 transformatis⁷

103 2101 188 2138 sive
220 2101 259 2139 in
289 2099 662 2152 transformationes
687 2100 829 2139 Ovidii.
855 2102 910 2138 De
931 2100 1055 2139 mira—

105 2160 251 2201 bilibus
279 2162 428 2201 Mundi.
473 2161 800 2201 Abbreviationes
829 2164 1054 2201 Doctorum.

102 2224 254 2262 Eadem
286 2226 443 2262 Pitseus
471 2236 558 2275 pag.
591 2226 680 2263 5⁵26.

155 2286 378 2324 JOANNES
412 2286 545 2335 Torpe,
572 2297 691 2335 supra
714 2298 749 2335 p.
772 2286 859 2323 434.
890 2284 1051 2335 leorpe.

154 2345 381 2384 JOANNES
427 2345 634 2384 Tortellius
678 2346 895 2393 Anninus,
926 2346 1053 2385 Caroli

101 2407 254 2446 Aretini
285 2407 358 2456 (de
387 2419 465 2457 quo
496 2418 614 2457 supra
646 2409 781 2445 t0m.4
821 2419 905 2456 pag.
937 2407 1052 2454 326.)

103 2481 181 2508 non
206 2470 325 2508 frater
350 2470 385 2518 a)
410 2469 478 2507 sed
504 2473 810 2516 conterraneuS,
832 2469 1054 2506 litterarum

101 2532 342 2570 Graecarum
362 2531 696 2569 addiscendarum
714 2542 835 2568 causa
851 2531 1054 2579 proiectus

102 2594 140 2630 in
171 2592 377 2631 Graeciam
396 2623 406 2641 ,
440 2592 531 2630 hinc
560 2592 897 2641 Arcliipresbyter
930 2590 1059 2630 Areti-

107 2665 210 2702 nus,
239 2658 377 2704 postea
422 2665 518 2692 cum
568 2653 642 2691 An.
676 2653 790 2692 4445.
820 2654 982 2690 Romam
1014 2663 1057 2690 se

103 2716 365 2763 contulisset,
397 2716 435 2753 in
466 2715 555 2754 aula
586 2716 753 2765 Eugenii
780 2715 842 2753 IV.
868 2715 1056 2764 primum,

105 2777 248 2815 deinde
278 2777 383 2827 apud
414 2778 616 2816 Nicolaum
641 2777 684 2814 V.
707 2778 929 2826 gratiosim‚
954 2776 1058 2814 diem

106 2839 200 2876 obiit
230 2839 346 2876 Anno
369 2840 483 2878 4466.
509 2841 605 2878 Huic
632 2839 817 2877 Tortellio
842 2850 911 2876 sex.
941 2838 1059 2876 libros

106 2901 395 2951 elegantiarum
426 2906 466 2939 et
496 2902 639 2940 librum
670 2901 719 2939 de
749 2901 1059 2950 reciprocatione

161 3057 194 3096 a)
219 3058 299 3088 Vide
324 3057 425 3088 Baelii
448 3060 522 3088 Lex.
550 3059 584 3089 in
608 3058 745 3095 Aretin,
770 3061 802 3088 et
817 3058 969 3089 Diarium
991 3064 1068 3088 eru-

104 3107 203 3138 ditor.
227 3107 340 3138 llaliae
365 3112 386 3139 t.
413 3110 450 3137 xl
479 3117 511 3146 p.
527 3107 601 3140 505.
616 3107 673 3138 ubi
699 3108 806 3138 vossii
833 3110 865 3137 et
893 3108 1062 3138 Tomasini

103 3165 194 3188 error
217 3161 360 3188 notatur.

2005 73 2086 112 435

1125 137 1192 175 sui
1213 142 1253 175 ct
1276 147 1374 176 suus
1393 136 1541 176 dicavit
1569 139 1806 177 Laurentius
1830 139 1969 179 Valla:
1993 142 2081 191 ipse

1128 200 1289 249 scripsit
1337 200 1654 238 Commentarios
1697 201 1987 241 Grammaticos
2032 203 2079 241 de

1123 263 1315 310 potestate
1345 259 1554 298 literarum
1583 264 1621 298 et
1646 260 1692 299 de
1716 261 1999 315 ortlioqraplzia
2021 263 2079 302 di-

1129 321 1300 359 ctionum
1323 333 1341 360 e
1368 322 1532 360 Graecis
1553 325 1789 373 tractatum,
1819 325 1944 364 editos
1964 328 2076 364 Rom.

1130 382 1244 422 4474.
1271 384 1502 422 Vincentiae
1526 384 1641 422 4479.
1662 385 1841 424 Venetiis
1859 386 1973 425 4495.
1998 389 2082 427 Non

1129 444 1233 482 aliud
1267 445 1428 483 Torte-lli
1458 456 1559 495 opus
1588 457 1677 484 esse
1707 447 1884 485 Leoeieon
1903 449 2009 498 quod
2034 450 2083 488 ab

1130 504 1375 555 Hieronymo
1403 508 1527 555 Magio
1568 508 1614 544 ΙΙ.
1648 508 1708 546 44.
1741 509 1954 547 Miscellan.
1987 514 2084 548 tom.

1130 566 1153 604 2
1184 567 1363 605 thesauri
1394 568 1527 606 Critici
1571 568 1799 607 Gruteriani
1844 582 1932 620 pag.
1965 572 2080 610 4339.

1133 633 1390 676 memoratur,
1409 640 1454 666 ac
1483 634 1620 667 contra
1649 630 1864 669 Galeotum
1893 634 2083 672 Marcium

1131 688 1380 737 defenditur,
1409 690 1510 727 benc
1541 693 1695 729 monuit
1720 692 1895 731 Baelium
1921 696 2088 732 Bernar—

1134 748 1211 786 dus
1240 751 1420 787 Moneta:
1466 761 1556 799 pars
1597 752 1703 789 enim
1741 754 1935 802 posterior
1971 755 2088 804 proli-

1132 811 1297 859 xiorque
1326 811 1474 859 operis,
1499 810 1636 848 ordine
1661 812 1907 862 alphabetico
1933 815 2086 866 digesta

1133 882 1276 909 vocum
1299 872 1471 921 origines
1490 876 1531 909 ct
1555 872 1876 923 orthographiam
1900 877 2085 926 explicat,

1131 933 1248 970 sicuti
1278 934 1382 982 prior
1412 944 1456 971 ac
1486 933 1646 971 brevior
1674 934 1854 984 disputat
1877 936 1925 974 de
1950 938 2082 976 litera-

1132 1006 1221 1033 rum
1250 995 1496 1040 inventione,
1522 1006 1710 1044 numerO,
1736 995 1887 1045 figura,
1912 1009 2087 1046 pronun-

1130 1057 1298 1094 ciatione
1327 1059 1366 1093 et
1396 1058 1695 1106 compositione.
1728 1057 1813 1095 Vita
1833 1059 1873 1097 S.
1903 1058 2082 1097 Athana-

1134 1117 1189 1156 sii
1215 1117 1390 1167 praelixa
1422 1118 1568 1167 legitur
1594 1119 1798 1168 opusculis
1845 1119 2085 1159 Athanasia-

1135 1181 1197 1217 nis
1217 1179 1334 1217 editis
1366 1181 1485 1217 Paris.
1518 1180 1632 1218 4520.
1663 1180 1766 1230 apud
1797 1183 1857 1220 Jo.
1887 1183 2083 1225 Parvum:

1132 1244 1172 1279 et
1202 1242 1239 1278 in
1272 1242 1366 1278 vitis
1396 1241 1632 1279 Sanctorum
1669 1241 1820 1291 Aloysii
1854 1244 2084 1293 Lipomanni

1133 1305 1228 1338 tom.
1260 1302 1312 1339 111
1350 1306 1471 1351 atque
1503 1303 1539 1339 in
1572 1303 1789 1352 hagiologio
1818 1303 1973 1353 Georgii
2004 1306 2088 1343 Wi-

1130 1363 1244 1408 celii‚
1274 1364 1448 1411 Mogunt.
1495 1364 1613 1402 4544.
1658 1363 1723 1400 fol.
1771 1364 1897 1402 Vitam
1926 1363 2092 1403 Zenobii

1130 1424 1313 1473 Episcopi
1336 1424 1551 1461 Flore-utini
1573 1424 1762 1473 scriptam
1779 1426 1880 1463 circa
1898 1426 1942 1464 A.
1971 1427 2088 1465 4438.

1132 1483 1254 1522 edidit
1299 1485 1442 1522 Surius
1471 1485 1534 1523 25.
1566 1485 1680 1533 Maji‚
1713 1485 1751 1521 in
1781 1485 1892 1524 Actis
1924 1488 2087 1526 Sancto-

1134 1556 1222 1584 rum
1249 1546 1311 1583 illa
1342 1547 1490 1584 omissa
1519 1550 1607 1594 est,
1638 1557 1741 1596 quae
1772 1558 1804 1584 si
1835 1548 1965 1597 placet
1995 1547 2086 1585 vide

1133 1612 1228 1645 tom.
1255 1608 1316 1645 Vl.
1347 1608 1435 1656 MaJi
1465 1619 1553 1658 pag.
1579 1608 1640 1647 57.
1672 1609 1809 1646 Versio
1833 1608 2008 1660 Appiani
2027 1611 2089 1648 lli-

1135 1669 1265 1706 storici
1299 1680 1417 1718 quam
1452 1669 1614 1707 laudant
1642 1671 1924 1719 Bergomensis
1950 1673 1986 1708 in
2013 1672 2090 1711 Ch-

1136 1742 1220 1768 ron.
1241 1731 1287 1768 ad
1320 1730 1378 1768 An
1425 1731 1540 1769 4449.
1574 1731 1820 1771 Trithemius
1849 1744 1881 1769 c.
1913 1732 2002 1771 754.
2047 1738 2088 1770 et

1134 1793 1190 1829 Jo.
1221 1791 1447 1830 Matthaeus
1478 1794 1685 1831 Toscanus
1716 1794 1754 1831 in
1793 1794 1908 1843 peplo
1952 1795 2086 1833 Italiae

1134 1853 1197 1890 lib.
1231 1855 1266 1891 4.
1296 1865 1381 1903 cap.
1410 1855 1471 1892 42.
1502 1855 1631 1891 lucem
1660 1867 1865 1904 nunquam
1898 1857 2008 1904 vidit,
2032 1859 2087 1895 uti

1132 1925 1204 1951 nec
1235 1912 1335 1952 liber
1358 1914 1403 1952 de
1428 1914 1630 1954 Medicina
1651 1919 1689 1953 et
1708 1916 1871 1955 Medicis
1892 1918 1937 1956 ad
1963 1918 2088 1956 Simo-

1132 1988 1223 2013 nem
1254 1978 1476 2015 Romanum
1497 1977 1712 2026 Medicum,
1736 1978 1783 2015 de
1808 1991 1886 2028 quo
1910 1980 2086 2018 Diarium

1130 2037 1378 2075 eruditorum
1413 2039 1546 2076 Italiac
1577 2043 1671 2076 tom.
1704 2041 1757 2078 XI
1789 2052 1875 2090 pag.
1909 2041 1997 2081 342.
2022 2053 2089 2079 ne-

1129 2111 1207 2149 que
1256 2098 1456 2150 Epistulae
1500 2106 1743 2139 memoratae
1773 2102 1904 2140 eidem
1935 2103 2090 2142 Trithe-

1130 2162 1235 2207 mio,
1269 2173 1342 2200 nec
1372 2161 1606 2200 Dialectica.

1179 2223 1199 2244 ἦ
1230 2224 1270 2260 ln
1302 2225 1378 2262 MS.
1410 2224 1502 2262 Cod.
1552 2226 1814 2263 Laurentiano
1859 2237 1896 2262 n.
1939 2226 2082 2264 XXVI.

1126 2295 1188 2333 ap.
1216 2285 1467 2323 Mont-faucon
1510 2286 1753 2324 Bibliotheca
1784 2287 1889 2325 MSS.
1921 2299 1959 2336 p.
1989 2288 2081 2326 282.

1127 2350 1237 2383 extat
1266 2347 1324 2383 Jo.
1355 2346 1631 2395 Chrysostomi
1662 2346 1821 2384 homilia
1848 2348 1884 2384 in
1910 2349 1972 2385 Ps.
2016 2349 2089 2387 Mi-

1126 2418 1260 2445 serere
1289 2407 1368 2445 mei
1406 2408 1510 2445 Deus
1541 2409 1757 2457 interprete
1792 2410 1849 2445 Jo.
1895 2410 2079 2448 Tortellio

1126 2469 1291 2506 Aretino
1320 2468 1369 2507 ad
1399 2469 1671 2507 excellentiss.
1717 2469 1850 2508 virum
1892 2470 2083 2508 Cosmum

1131 2528 1334 2568 Medicem.
1366 2529 1443 2568 An.
1472 2530 1559 2568 libri
1597 2530 1645 2568 de
1687 2530 1974 2581 Orthographia
2008 2532 2090 2570 edi-

1128 2592 1182 2628 tio
1211 2592 1317 2641 prior
1362 2593 1508 2630 Romae
1551 2603 1614 2630 an.
1648 2591 1742 2631 4474
1780 2592 1969 2631 adornata
2000 2595 2078 2641 sit,

1131 2654 1293 2703 ignoro;
1324 2653 1418 2690 mihi
1450 2664 1545 2692 sane
1577 2654 1669 2691 olim
1701 2654 1815 2691 obvia
1848 2654 1921 2692 fuit
1945 2655 2089 2693 Caese-

1133 2726 1206 2752 nae
1224 2715 1261 2751 in
1281 2715 1522 2753 Bibliotheca
1544 2715 1842 2753 Malatestarum
1865 2715 1985 2753 editio
2001 2717 2088 2755 eius

1132 2779 1263 2827 operis
1293 2778 1445 2815 Veneta
1488 2779 1524 2814 in
1575 2777 1806 2815 membrana
1835 2788 1983 2816 excusa
2023 2789 2086 2817 an.

1132 2839 1217 2877 cod.
1249 2839 1368 2878 4474.
1397 2851 1467 2889 per
1496 2840 1575 2877 Nic.
1606 2841 1768 2876 Jenson.

1184 2900 1408 2939 JOANNES
1437 2900 1601 2939 Trevisa
1628 2900 1914 2938 Cornubiensis
1936 2900 2089 2950 Anglus

1133 2965 1237 3001 circa
1265 2962 1310 3000 A.
1344 2962 1458 3001 4342.
1486 2961 1680 3001 Sacerdos
1704 2966 1743 2999 et
1765 2962 1952 3010 vicarius,
1983 2963 2088 3013 apud

1134 3025 1347 3062 Dominum
1372 3034 1490 3061 suum
1514 3023 1705 3061 Thomam
1723 3023 1770 3060 de
1788 3023 1981 3073 Barkeley
2002 3036 2090 3075 gra-

1136 3086 1264 3123 tiosus
1294 3086 1396 3122 circa
1441 3085 1515 3122 An..
1562 3085 1677 3123 4399.
1722 3086 1856 3122 nescio
1885 3096 1934 3122 an
1964 3088 2089 3125 multa

1144 3147 1279 3183 Latine
1310 3147 1537 3197 scripserit.
1562 3150 1669 3184 certe
1690 3146 1843 3195 aliqua⁷
1868 3146 1981 3196 longe
2005 3149 2090 3198 plu-
