2293 3494
220 145 294 182 183

266 215 491 252 Jucundum
509 214 580 249 erit
598 212 785 249 harumce
808 210 1029 247 litterarum
1049 220 1160 249 -ama-

215 276 375 321 toribus,
393 273 494 323 quod
514 282 637 309 novae
654 270 830 309 Hemoldi
852 270 1035 308 editionis
1051 282 1160 322 spem

217 336 306 374 facit
323 343 462 371 nomen
479 333 601 370 bonae
617 331 704 369 fidei
728 337 767 369 et
779 332 983 381 promissis
999 333 1164 382 implen-

216 395 275 432 dis
313 405 381 443 par
411 396 531 442 atque
574 392 763 439 idoneus,
786 392 1084 431 laudatissimus
1103 395 1164 432 vir

214 455 407 492 ,lohannes
422 453 618 492 Henricus
634 465 714 492 van
735 453 891 495 Seelen.
915 455 981 503 qui
1008 455 1164 493 institu-

215 521 299 554 tum
318 525 433 553 suum
456 515 641 564 exposuit
659 518 752 552 tom.
771 516 805 552 3.
828 514 1074 552 Athenarum
1092 518 1166 554 Lu—

214 577 442 615 hecensium
465 587 549 625 pag.
572 576 647 613 839
675 576 762 613 540.
784 574 950 613 Animus
976 579 1050 618 est,
1077 575 1167 627 fun-

212 637 385 676 damenti
398 636 476 674 loco
495 647 644 686 ponere
664 636 1058 686 praestantissimam
1089 637 1167 675 edi-

214 700 353 737 tionem
361 697 651 748 Banyertinam,
659 708 779 747 quam
789 697 982 748 inteyram
989 697 1164 745 reddam,

215 760 283 804 ita,
301 763 347 798 ut
360 759 552 810 Banqerti
568 759 689 797 Notae
719 758 782 797 vel
809 770 932 797 novae
952 770 1102 810 passim
1120 760 1168 798 iis

213 821 469 874 adjiciantur.
503 820 627 859 Multa
660 820 761 858 enim
786 819 869 858 loca
906 820 1016 858 Notis
1038 820 1166 858 adhuc

214 885 362 931 carent,
377 893 478 933 quae
497 881 701 920 illustrari
711 885 839 920 tamen
852 881 1003 919 omnino
1019 893 1166 919 meren-

213 949 292 983 tur.
315 943 457 982 Unicus
480 942 598 981 etiam
617 943 727 981 modo
744 943 1003 989 continuator,
1021 944 1165 980 Arnol-

215 1005 291 1044 dus
308 1035 316 1053 ,
337 1004 376 1042 in
397 1017 460 1043 nos
469 1008 531 1042 tra
553 1015 704 1054 qnoque
730 1003 895 1041 editione
916 1002 1161 1054 repetendus,

217 1065 404 1104 hactenus
414 1077 503 1103 cum
514 1064 711 1103 Helmoldo
720 1069 777 1104 est
787 1066 1014 1116 conjunctus
1026 1077 1035 1099 .·
1046 1074 1167 1113 prae-

217 1131 274 1165 ter
299 1126 409 1165 illum
437 1137 542 1173 ver0,
568 1137 681 1177 quem
708 1126 747 1162 in
769 1122 1068 1163 .-lccessionibus
1098 1123 1166 1161 Hi-

215 1188 372 1225 storieis
388 1186 493 1225 dedit
506 1197 685 1224 summus
696 1183 923 1231 Leibnz‘ctus,
936 1195 1012 1221 non
1026 1183 1167 1222 desunt

215 1247 297 1285 alia
313 1250 562 1285 monumenta
576 1245 779 1284 sttorica
794 1245 951 1291 inedita,
965 1244 1019 1283 ad
1031 1243 1167 1284 Slavo-

215 1320 304 1346 rum
336 1307 522 1358 inprimis
552 1308 770 1346 Historiam
801 1306 1034 1357 spectantia.
1065 1318 1167 1357 quae

216 1367 415 1407 Helmoldo
431 1367 528 1406 addc·
546 1372 701 1419 queunt.
720 1366 928 1406 Eoelnbebo
950 1367 1066 1405 etiam
1082 1367 1168 1405 Dis-

215 1430 446 1468 sertationes
473 1429 678 1467 nonnullas
705 1429 938 1474 Historicas,
971 1439 1072 1478 quas
1103 1440 1170 1466 no-

215 1503 306 1529 vam
341 1491 544 1529 editionem
586 1490 792 1529 illustrare
829 1501 944 1541 posse
976 1488 1167 1527 arbitror.

219 1552 380 1590 Paucis:
398 1551 589 1603 quicquid
602 1551 656 1589 ad
674 1550 950 1602 supplendum,
968 1550 1170 1601 eocplican-

217 1614 307 1653 dum
333 1613 554 1651 orna-ndum
593 1613 661 1651 hoc
696 1623 793 1662 opus
815 1616 986 1663 spectat,
1008 1624 1066 1656 ea,
1091 1624 1172 1662 qua

213 1686 293 1727 par
314 1679 380 1722 est,
397 1674 473 1725 sicle
498 1679 535 1712 et
558 1674 767 1712 industria.
798 1674 836 1711 si
858 1673 980 1711 vitam
1012 1676 1048 1710 et
1065 1673 1171 1711 vires

219 1735 563 1775 clementissimum
574 1736 724 1773 Numen
742 1734 989 1778 concesserit,
1005 1735 1172 1784 eoesequt

218 1796 390 1836 studebo.

273 1858 364 1897 Illos
390 1870 482 1896 vero
504 1856 691 1902 eruditos,
713 1857 783 1908 qui
798 1867 926 1894 meum
949 1855 1169 1893 institutum

227 1923 416 1972 poterunt
425 1921 593 1970 juvare,
615 1918 794 1956 decenter
817 1928 910 1967 royo
926 1948 937 1964 ,
962 1916 1084 1954 velint
1096 1928 1171 1967 pro

223 1981 463 2019 humanitate
497 1991 573 2018 sua
602 1990 753 2016 mecum
781 1978 1070 2016 communicare
1100 1990 1169 2025 ea,

223 2054 324 2093 quae
343 2053 466 2080 novae
486 2040 665 2079 Helmodi
685 2039 844 2078 editioniv
862 2043 1030 2090 possunt
1049 2039 1172 2077 inser-

224 2104 322 2143 vire.
347 2102 508 2143 Codices
534 2100 701 2151 intelliyo
724 2102 853 2139 MStos
865 2100 1033 2141 nondum
1057 2099 1173 2138 colla-

224 2169 301 2212 tos,
323 2164 612 2202 concinnatores
634 2162 818 2210 ineditos,
847 2161 1077 2199 documenta
1097 2161 1172 2211 fide

222 2227 355 2276 diyna,
372 2223 596 2275 sinyulares
613 2223 917 2269 observationes,
929 2227 966 2261 et
977 2222 1174 2273 quidquid

220 2287 410 2326 historiae
434 2290 471 2323 et
492 2284 817 2337 antiquitatibus,
839 2284 1031 2323 Helmoldi
1053 2289 1170 2336 atque

219 2348 545 2388 Continuatorum
566 2345 750 2397 operibus
772 2346 1060 2397 comprehensis
1079 2376 1085 2393 ,
1113 2346 1171 2384 lu-

222 2422 304 2449 cem
319 2410 469 2461 poterit
481 2410 644 2459 afferre.
670 2407 856 2448 Laudabo
878 2420 941 2447 eos
956 2441 965 2457 ,
982 2421 1058 2459 per
1074 2420 1170 2460 quos

221 2470 354 2510 licebit
381 2471 572 2522 proficere
592 2502 599 2520 ,
637 2481 849 2520 eorumque
888 2470 1170 2509 humanitatem

215 2532 456 2584 praedicare
489 2543 692 2582 nunquam
720 2530 906 2569 desinam.
944 2532 1167 2570 Instructus

217 2593 386 2646 quidem,
408 2593 511 2644 quod
526 2591 764 2644 praefiscine
785 2592 981 2638 dea-erim,
998 2593 1051 2631 ad.
1067 2592 1167 2631 hunc

219 2654 393 2693 laborem
404 2653 686 2704 perficiendum
696 2665 788 2692 sum
803 2652 1165 2704 aliquotsubsidiis:

217 2716 287 2755 sed
300 2714 531 2767 9ratissimo
556 2717 684 2752 tamen
703 2713 833 2751 animo
861 2713 1055 2764 accipiam
1075 2725 1167 2751 cun-

217 2781 290 2824 cta,
317 2775 461 2828 quibus
481 2775 558 2813 ista
575 2779 763 2826 poterunt
781 2774 934 2824 auqeri.

273 2837 464 2884 HELPIS,
491 2848 621 2887 supra,
639 2835 791 2874 ELPIS.
809 2840 902 2873 tom.
928 2836 950 2873 2
972 2847 1056 2885 pag.
1076 2837 1165 2874 505.

271 2901 336 2939 HE
343 2900 480 2938 LPRIC
487 2899 561 2943 US,
579 2896 776 2949 Elpricus,
789 2895 1018 2948 Hulpricus‚
1028 2895 1167 2946 Helpe-

219 2963 343 3010 ricus,
357 2959 625 3013 Helphericus,
638 2957 895 3011 Chzlpericus,
906 2957 1166 3010 Hilphericus,

220 3023 456 3075 Hilpericus,
477 3021 691 3061 Monachus
720 3021 759 3060 S.
791 3019 891 3059 Galli
907 3051 918 3067 ‚
943 3020 1102 3058 Ordinis
1125 3019 1164 3056 S.

218 3085 430 3128 Benedicti,
444 3085 547 3123 circa
563 3083 723 3122 Annum
739 3082 814 3120 980
837 3083 994 3132 scripsit
1014 3081 1158 3119 librum

220 3146 265 3184 de
285 3148 459 3195 computo
477 3139 769 3187 Ecclesiastico,
786 3154 903 3193 quem
928 3142 1050 3181 edidit
1070 3144 1161 3181 Ber-

222 3207 397 3246 nhardus
414 3209 487 3244 Pez
508 3211 601 3243 tom.
625 3206 659 3242 Ξ.
684 3204 975 3242 Anecdotorum
991 3208 1103 3253 parte
1127 3203 1161 3243 2..

1068 141 1342 181 HELpis

1236 226 1320 265 pag.
1356 213 1426 252 ⁷182
1452 213 1542 250 222.
1566 212 1674 250 Idem
1706 213 1801 251 liber
1823 219 1884 252 est
1904 244 1910 259 ,
1934 217 1999 264 qui
2033 216 2068 253 in
2093 216 2178 254 aliis

1237 275 1444 313 (lodicibus
1464 272 1510 311 de
1529 277 1616 311 arte
1643 273 1901 313 calculatoria
1938 278 2174 316 inscribitur.

1237 335 1332 372 Vide
1355 334 1557 372 laudatum
1582 336 1742 373 Pezium
1764 340 1856 373 torn.
1890 337 1924 374 3.
1946 343 2057 387 parte
2081 339 2116 376 3.
2142 351 2178 389 p.

1239 398 1326 434 622.
1369 396 1648 434 Praefationem
1685 396 1733 434 ad
1770 397 1965 448 Asprum,
1989 398 2182 437 Abbatem

1239 459 1325 495 sive
1347 458 1548 494 Decanum
1570 458 1791 495 Monasterii
1816 459 1853 495 S.
1869 458 2053 497 Germani
2077 459 2182 509 apud

1239 518 1553 557 Autissiodorum
1577 517 1753 555 ediderat
1768 518 2014 558 Mabillonius
2033 524 2127 557 tom.
2147 522 2181 559 4.

1239 579 1417 618 Analect.
1437 589 1523 629 pag.
1543 579 1617 616 443
1644 574 1838 626 (editionis
1863 590 1988 618 novae
2017 593 2053 630 p.
2079 579 2182 627 ἱι34.)

1239 653 1287 678 ex
1313 639 1455 679 Codice
1478 639 1742 678 Bibliothecae
1760 641 1799 678 S.
1820 641 2007 679 Germani
2032 641 2081 680 de
2097 643 2187 680 Pra-

1240 704 1316 749 tis,
1342 704 1379 739 in
1405 712 1482 751 quo
1507 702 1737 751 Helpericus
1762 703 1836 739 iste
1874 701 2041 741 Abbatis
2075 704 2186 741 venit

1240 765 1364 802 titulo.
1390 764 1421 802 Α
1448 763 1649 813 Sigeberto
1673 774 1756 812 cap.
1782 763 1859 802 445
1883 763 1931 801 de
1957 765 1995 802 S.
2021 765 2066 803 E.
2087 769 2127 803 et
2147 765 2186 802 in

1240 826 1434 863 Chronico
1458 825 1626 862 refertur
1656 823 1701 862 ad
1722 824 1882 862 Annum
1902 825 2015 863 4005.
2040 827 2187 865 Verum

1240 887 1409 937 exempli
1442 885 1588 933 verba,
1619 896 1720 935 quae
1759 884 1947 933 adducit,
1976 887 2014 924 in
2052 887 2160 925 MSto
2178 917 2186 931 ,

1240 959 1359 997 quem
1384 947 1555 997 inspexit
1590 946 1862 993 Mabillonius,
1887 946 2185 993 desiderantur,

1241 1009 1504 1057 vIdenturque
1541 1006 1672 1045 addita
1711 1018 1732 1044 a
1768 1008 1959 1056 scriptore
2001 1007 2157 1045 Codicis
2175 1039 2186 1055 ‚

1239 1080 1316 1117 quo
1341 1079 1438 1106 usus
1461 1071 1523 1105 est
1548 1067 1789 1116 SigebertuS,
1814 1078 1905 1104 nam
1927 1077 2000 1104 nec
2023 1068 2061 1104 in
2085 1068 2188 1105 Pezii

1240 1129 1409 1166 editione
1425 1128 1487 1165 illa
1510 1128 1680 1165 invenio.
1703 1127 1925 1166 Guilelmus
1946 1127 1994 1165 de
2018 1127 2187 1167 ConchIs

1239 1190 1335 1227 libro
1354 1189 1470 1227 tertio
1488 1188 1745 1226 secundariae
1770 1190 1855 1226 sive
1879 1189 2029 1240 Dialogi
2051 1189 2100 1227 de
2117 1190 2190 1227 Su-

1240 1251 1424 1288 bstantiis
1447 1261 1532 1300 pag.
1561 1250 1622 1287 89.
1649 1249 1696 1288 Si
1717 1260 1864 1288 causas
1887 1250 2086 1288 nominum
2106 1249 2189 1288 illo-

1239 1323 1330 1349 rum
1350 1311 1512 1362 quaeris
1543 1310 1747 1360 siqnorum
1770 1313 1819 1360 (in
1845 1311 2012 1359 zodiaco)
2033 1311 2189 1362 Helpri-

1242 1384 1332 1411 cum
1350 1372 1441 1423 Iege.
1466 1374 1518 1411 At
1537 1373 1643 1410 enim
1669 1361 1884 1412 ELPRICI
1897 1372 2081 1411 Monachi
2098 1372 2189 1424 Epi-

1242 1434 1342 1473 stola
1358 1466 1368 1482 ‚
1392 1446 1465 1472 cur
1486 1432 1669 1472 natalitia
1694 1435 1931 1473 Sanctorum
1950 1434 1991 1472 in
2012 1433 2162 1472 laetitia
2179 1462 2187 1479 ,

1245 1498 1466 1534 Parasceve
1480 1507 1573 1533 vero
1591 1495 1632 1532 in
1647 1494 1809 1533 tristitia
1825 1495 2078 1544 celebremus,
2089 1507 2189 1545 quae

1242 1559 1358 1607 capiti
1397 1558 1534 1596 XVIII.
1577 1556 1734 1594 Alcuini
1772 1557 1819 1595 de
1858 1558 2011 1595 Divinis
2044 1557 2192 1596 Officiis

1242 1630 1328 1668 pag.
1361 1618 1462 1656 4054
1492 1629 1573 1667 seq.
1597 1617 1808 1666 subjuncta
1836 1619 1992 1668 legitur,
2013 1619 2077 1657 vel
2103 1622 2191 1668 post

1244 1680 1397 1718 Alcuini
1422 1684 1598 1729 tempora
1633 1681 1824 1726 accessit,
1850 1681 1912 1718 vel
1934 1682 1964 1717 si
1990 1680 2037 1718 ad
2062 1679 2191 1718 Alcui-

1245 1751 1342 1778 num
1366 1741 1512 1790 scripta
1533 1744 1619 1786 est,
1641 1740 1759 1778 alium
1781 1745 1900 1790 atque
1924 1742 2185 1791 antiquiorem

1244 1802 1493 1852 Helpericum
1515 1801 1634 1840 habet
1653 1806 1868 1840 auctorem.
1888 1802 2132 1840 Trithemius
2147 1801 2191 1840 li·

1245 1863 1313 1901 bro
1334 1862 1381 1900 de
1408 1864 1502 1900 viris
1524 1863 1745 1901 illustribus
1765 1861 1998 1902 Germaniae
2019 1875 2103 1913 cap.
2129 1863 2191 1901 42.

1246 1924 1734 1974 HelpericumMonachum
1760 1925 1798 1963 S.
1831 1925 1947 1972 Galli,
1969 1936 2088 1975 quem
2109 1924 2195 1963 Phi-

1246 1986 1470 2036 losophum,
1489 1986 1772 2024 Astronomum
1788 1991 1827 2024 et
1845 1988 2002 2024 Poetam
2024 1986 2195 2025 celeber-

1247 2049 1390 2085 rImum
1413 2048 1581 2097 appellat
1602 2079 1609 2095 ,
1631 2053 1804 2085 testatur
1827 2050 1946 2086 etiam
1983 2047 2130 2086 librum
2148 2046 2194 2085 de

1248 2109 1426 2153 Musica,
1447 2113 1486 2145 et
1511 2108 1706 2157 quaedam
1745 2108 1938 2146 Carmina
1965 2110 2192 2158 scripsisse:

1246 2175 1416 2208 aetatem
1434 2169 1520 2219 ejus
1538 2170 1585 2206 ibi
1609 2169 1729 2207 refert
1749 2169 1797 2206 ad
1820 2169 1980 2206 Annum
2005 2169 2105 2208 4040
2123 2169 2191 2207 sed

1246 2232 1313 2269 lib.
1330 2231 1378 2269 de
1400 2231 1658 2280 scriptoribus
1691 2230 1983 2268 Ecclesiasticis
2007 2241 2080 2280 cap
2103 2231 2180 2269 325

1245 2293 1292 2331 ad
1311 2292 1369 2331 An
1403 2293 1502 2330 4096
1524 2293 1577 2329 ita
1594 2296 1634 2329 et
1650 2293 1696 2329 II.
1721 2291 1768 2329 76
1788 2292 1926 2330 illustr.
1947 2291 2190 2329 Benedictin.

1300 2353 1468 2392 Levinus
1490 2353 1550 2401 (al.
1575 2353 1607 2390 F
1611 2352 1730 2399 erius)
1755 2353 2093 2400 HELPERICUS,
2117 2354 2194 2392 Mo—

1244 2416 1394 2454 nachus
1416 2414 1789 2464 Selingestadiensis
1806 2444 1814 2460 ,
1836 2416 2003 2464 scriptor
2039 2414 2195 2453 Carmi-

1244 2477 1302 2515 nis
1323 2479 1420 2528 epici
1438 2476 1483 2514 de
1506 2475 1647 2515 Carolo
1665 2477 1805 2526 Maqno
1824 2479 1861 2513 et
1874 2475 2010 2514 Leonis
2026 2475 2100 2513 III.
2119 2477 2194 2514 Pa-

1236 2549 1312 2588 pae
1330 2539 1376 2576 ad
1398 2549 1488 2576 eum
1507 2538 1622 2576 Anno
1643 2537 1718 2575 799
1740 2536 1992 2585 adventu,de
2012 2548 2090 2587 quo
2111 2536 2191 2574 dixi

1241 2611 1359 2650 supra
1384 2604 1410 2637 t.
1432 2601 1465 2645 l,
1496 2611 1530 2648 p.
1558 2599 1634 2637 320
1658 2599 1721 2637 ubi
1752 2598 1800 2636 de
1824 2598 2026 2638 CAROLO
2042 2599 2190 2649 Magno.

1295 2660 1685 2698 HELVETICARUM
1730 2671 1862 2698 rerum
1906 2662 1939 2706 a)
1981 2661 2195 2710 scriptores

1293 2829 1326 2866 a)
1343 2831 1515 2859 Nomitam
1531 2829 1672 2860 aliorum
1689 2829 1728 2861 de
1743 2831 1840 2863 rebus
1864 2832 2042 2866 Helveticis
2060 2837 2199 2875 scripto-

1237 2886 1311 2908 rum
1335 2882 1447 2917 petere
1473 2878 1586 2909 licebit
1609 2886 1659 2909 ex.
1684 2879 1791 2910 ιΙοαη.
1817 2881 1966 2913 Henrici
1992 2883 2199 2924 Hottinyeri

1234 2926 1387 2957 methodo
1404 2926 1559 2966 legendas
1583 2927 1738 2959 historias
1761 2929 1955 2968 Helveticas‚
1977 2933 2010 2963 in
2030 2934 2099 2972 ejus
2115 2941 2198 2973 pen-

1233 2977 1308 3008 tade
1329 2975 1406 3007 diss.
1426 2974 1608 3007 Miscellan.
1622 2981 1722 3016 atque
1739 2978 1796 3009 ubi
1818 2979 1925 3011 lucem
1953 2980 2073 3012 viderit
2089 2982 2195 3013 Joan.

1232 3025 1383 3057 Henrici
1401 3025 1547 3062 Rhonii,
1565 3029 1757 3064 Quaestoris
1775 3029 1930 3066 Tigurinl
1947 3029 2114 3069 Bioloyia
2132 3031 2200 3062 Hi-

1238 3075 1369 3104 storicn
1394 3074 1576 3104 Helvetica
1599 3075 1671 3106 sive
1687 3077 1727 3106 de
1745 3077 1829 3107 vitis
1848 3078 2003 3108 omnium
2018 3079 2198 3118 undequa-

1234 3132 1298 3162 que
1320 3124 1539 3164 Scriptorum
1557 3125 1616 3163 qai
1630 3124 1795 3164 operibus
1814 3127 1890 3156 suis
1904 3127 2094 3159 historiam
2109 3128 2196 3160 Hel—

1234 3165 1744 3203 veriorum>adornarzmt,una
1762 3175 1839 3196 cum
1853 3169 2055 3198 recensione
2070 3173 2103 3198 et
2119 3168 2197 3198 bre-

1233 3214 1267 3242 vi
1288 3214 1516 3244 enarratione
1543 3218 1787 3246 contentorum
1810 3217 1996 3247 eorundem
2020 3225 2175 3257 operum.
