2293 3494
243 218 293 251 <30
1036 213 1415 255 ‹lIRALnUs

293 284 402 323 Libri
442 285 503 322 ΙΙ,
536 283 580 317 cle
608 282 690 318 vita
720 285 755 317 et
783 282 1063 321 certantinibus
1098 284 1186 322 Gal-

245 347 328 384 sridi
359 346 385 383 Α
395 342 652 392 νεῇίρριέσοριῖ
672 340 946 381 Eboracensis.
970 344 1020 382 id.
1042 357 1077 395 p.
1096 345 1183 384 357.

290 405 509 445 Summaria
541 403 722 451 Capitum
754 404 956 453 Leqendae
985 406 1022 444 S.
1055 406 1185 444 Remi-

235 466 305 516 92'2',
336 469 374 500 et
403 475 449 500 ex
475 461 611 499 cadem
644 463 826 512 Legenda
855 464 903 501 ad
934 465 1181 515 Stephanum

237 529 478 573 Langtonum
497 554 506 568 ,
538 523 720 573 Archiep.
752 525 1094 575 Cantuariensem,
1122 530 1182 566 Vz-

235 589 295 621 tae
323 583 606 633 Epist-oporam
640 584 990 635 Lincolniensium,
1015 589 1179 638 Remigii

227 657 263 693 p.
297 645 370 681 440
401 644 567 694 ejusque
598 656 878 684 successorum
924 659 960 696 p.
994 649 1095 696 446,
1138 654 1178 688 et

231 704 371 754 copula
401 704 634 754 teryemina,
667 707 753 744 sive
782 707 828 744 cle
858 707 951 746 vitis
980 719 1057 748 sea:
1085 710 1180 760 Epi-

229 764 584 815 soporumAnyliae
602 770 876 806 coetaneorum
893 770 1064 808 Thomae
1077 771 1179 810 Can-

226 827 439 864 tuarionsis
463 831 502 864 et
527 828 682 865 Henrici
714 829 989 869 wintonensis
1018 844 1055 882 p.
1086 832 1177 871 420.

225 888 511 926 Bartholomaei
553 890 793 929 Exoniensis
834 897 874 929 et
908 884 1047 943 Rogeri
1094 896 1178 933 Wi-

225 951 447 999 gorniensis
477 962 563 1000 pag.
587 951 673 990 425.
700 952 918 991 Baldewini
946 955 1110 994 Cisterc.
1137 961 1176 993 et

226 1011 401 1059 Hugonis
431 1012 730 1050 Carthusiensis
760 1025 846 1064 pag.
879 1016 966 1054 4⁶29.

282 1071 474 1110 Carmina
503 1072 578 1110 (luo
616 1075 649 1120 a)
682 1086 767 1124 pag.
813 1077 887 1113 4134
933 1089 981 1114 ex
1028 1078 1173 1115 Giraldi

228 1130 325 1169 libro
375 1132 606 1171 Carminum
661 1139 779 1185 atque
832 1137 1175 1187 Epe'gn·anmzatum

225 1193 331 1231 MSto
375 1196 411 1230 in
456 1195 693 1233 Bibliotheca
731 1197 978 1235 Cottoniana.
1026 1199 1171 1236 Horum

226 1256 447 1302 posterius,
479 1256 581 1304 quod
621 1258 759 1294 Curiae
796 1259 994 1296 Romanae
1026 1260 1175 1297 valedi-

224 1319 363 1352 cturus
392 1318 636 1365 composuit,
669 1319 719 1355 ita
750 1329 792 1356 se
823 1318 964 1356 habet:

259 1385 376 1415 Mirum
390 1408 399 1422 ‚
417 1393 501 1424 quae
517 1387 638 1416 Romae
656 1385 801 1418 medicos
815 1390 981 1419 sententia
1000 1391 1107 1427 Papae

221 1437 289 1467 Non
313 1439 421 1466 movet
437 1457 445 1472 ‚
464 1435 518 1465 hic
532 1437 658 1473 Regum
671 1438 799 1474 sceptra
818 1444 950 1467 movere
970 1442 1089 1476 potest.

260 1488 350 1522 Quae
367 1485 523 1513 minimos
539 1485 677 1514 minime
693 1491 833 1515 censura
851 1486 980 1516 coercet
999 1488 1032 1517 in
1052 1487 1136 1517 Urbe
1149 1511 1157 1524 ,

222 1537 331 1566 saevit
350 1535 382 1563 in
402 1532 487 1564 Orbe
504 1531 645 1562 fremens
662 1556 671 1568 ‚
692 1533 844 1572 celsaque
859 1534 927 1565 loca
947 1543 1110 1574 premens.

264 1585 322 1614 Cui
338 1582 421 1613 male
436 1581 585 1612 sublatus
602 1584 722 1612 Romae
740 1590 809 1613 non
825 1583 956 1614 cederet
971 1584 1084 1614 hortus
1099 1607 1109 1620 ,

224 1634 347 1664 Nititur
364 1633 403 1662 ad
423 1635 541 1662 nutum
557 1630 689 1662 flectere
708 1640 807 1670 regna
821 1641 929 1664 suum.

280 1688 458 1739 Epistola
477 1688 714 1727 dissuasoria
736 1689 782 1727 ad
809 1690 1054 1739 Stephanum
1079 1692 1175 1728 Lan-

228 1757 416 1800 gtonum,
453 1752 519 1799 qui
559 1751 713 1788 volebat
749 1751 939 1799 dignitate
976 1751 1177 1801 Archiepi-

228 1815 334 1863 scopi
365 1814 563 1861 resignata
593 1811 771 1849 habitum
802 1812 979 1849 Monachi
1012 1812 1174 1850 induere

226 1885 310 1923 pag.
343 1874 417 1910 435

284 1934 313 1971 T
313 1932 553 1984 opofsrapleia
568 1932 785 1972 Hiberniae
803 1937 887 1972 sive
908 1935 954 1972 cle
975 1934 1118 1973 avibus
1140 1937 1172 1983 b)

224 1999 263 2033 et
283 1995 368 2033 aliis
392 1992 646 2032 mirabilibus
668 2000 707 2031 et
731 1994 777 2032 cle
798 1994 1089 2041 habitatoribus
1109 1997 1175 2034 Hi-

226 2054 384 2092 berniae
409 2053 504 2091 libri
518 2055 604 2101 III,
629 2055 678 2092 ad
703 2056 914 2094 Henricum
941 2058 985 2094 11.
1008 2057 1173 2107 Angliae

224 2118 392 2166 Regem:
433 2118 470 2152 in
513 2116 613 2153 Guil.
654 2116 870 2154 Cambdeni
917 2119 1174 2168 scriptoribus

223 2189 354 2215 rerum
399 2177 653 2227 Anglicarum
680 2208 687 2226 ,
732 2179 1086 2218 Normannicarum
1133 2186 1173 2218 et

224 2239 533 2285 Cambricarum,
564 2240 739 2277 Francof.
772 2240 886 2286 4602,
919 2240 980 2278 fol.
1012 2252 1049 2290 p.
1083 2242 1170 2279 692.

224 2299 398 2352 Epistola
422 2299 475 2338 acl
495 2299 732 2338 Guilelmum
760 2302 914 2348 Verum,
939 2302 1172 2352 Episcopum

223 2361 563 2413 Herefordiensem
588 2361 635 2399 de
660 2362 779 2399 hacce
806 2363 1087 2412 Topographia,
1105 2375 1172 2401 ex-

222 2428 300 2461 stat
316 2425 352 2461 in
371 2425 516 2461 Usserii
534 2423 723 2473 Epistolis
740 2424 957 2461 llibernicis
974 2436 1059 2474 pag.
1082 2425 1169 2463 444.

273 2483 528 2534 Eoepufsnatio
573 2482 814 2532 Hiberniae,
865 2486 950 2522 sive
992 2485 1171 2522 Historia

226 2544 454 2583 Vaticinata
481 2544 526 2583 de
548 2549 780 2595 eoepuqnata
801 2543 852 2583 ab
873 2545 1009 2595 Anylis
1030 2545 1171 2584 Hiber-

220 2605 297 2643 nia.
329 2605 546 2643 Cambden.
576 2618 612 2655 p.
644 2606 732 2644 755.
763 2608 892 2656 Hujus
921 2607 1095 2657 duplex,
1129 2614 1170 2647 ut

222 2668 375 2705 notavit
405 2667 651 2705 Warthonus
671 2698 681 2715 ,
713 2668 761 2705 ab
789 2668 947 2706 Giraldo
977 2669 1078 2706 facta
1109 2675 1170 2707 est

220 2727 350 2766 editio.
382 2726 606 2766 Secundam
636 2739 738 2777 quae
769 2730 807 2765 in
839 2728 976 2766 multis
1019 2731 1170 2767 auctior

220 2793 308 2837 est,
339 2791 377 2825 in
407 2787 608 2826 nonnullis
636 2788 818 2835 brevior,
849 2793 890 2826 et
919 2789 1060 2826 Joanni
1091 2788 1170 2827 An-

221 2851 321 2900 gliae
349 2851 443 2900 Regi
469 2854 697 2900 nuncupata
719 2878 727 2896 ,
757 2849 842 2886 libri
867 2849 1023 2888 duobus
1043 2850 1170 2888 absol-

223 2913 340 2961 vitur,
371 2910 625 2951 Cambdenus
654 2911 787 2949 edidit.
821 2912 975 2959 Prima,
1005 2922 1106 2960 quae
1131 2913 1167 2949 in

221 2973 460 3011 Bibliotheca
492 2973 760 3011 Lambethana
794 2974 990 3023 reperitur
1010 3002 1018 3022 ,
1038 2974 1171 3010 Ricar-

223 3032 270 3070 do
302 3034 606 3072 pictaviensium
643 3035 785 3073 Comiti
825 3039 973 3085 (postea
1008 3034 1170 3084 Angliae

223 3094 326 3142 Regi)
357 3095 483 3133 dicata
508 3099 569 3132 est
594 3101 675 3133 tres
699 3097 901 3147 complexa
929 3098 1060 3136 libros,
1085 3099 1169 3135 Duo

279 3222 311 3258 a)
337 3225 484 3254 TertIum
507 3233 540 3264 p.
564 3219 637 3255 ²13ss.

279 3269 314 3308 b)
338 3271 455 3301 Confer
478 3275 514 3305 T.
540 3273 572 3303 ἱ).
594 3273 729 3312 Angiiae
752 3283 864 3306 sacrae
887 3285 921 3314 p.
945 3276 1018 3308 459.

1263 288 1413 336 priores
1444 286 1528 322 libri
1559 297 1649 325 cum
1694 287 1863 325 editione
1908 285 2081 324 secunda
2126 286 2204 323 sere

1265 351 1360 384 sunt
1390 355 1650 393 communes,
1683 347 1758 384 nisi
1803 345 1907 395 quod
1951 347 1989 383 in
2032 345 2206 384 secunda

1258 410 1395 444 auctor
1437 405 1624 455 pleraque
1667 406 1887 451 addiderit,
1932 411 1972 444 et
2016 406 2205 444 nonnulla

1257 478 1357 517 quae
1388 467 1577 516 relegenti
1616 469 1751 506 minus
1793 468 2054 517 placuerunt,
2098 478 2206 505 rese-

1255 529 1381 567 cuerit
1402 556 1410 573 ,
1441 531 1481 564 et
1513 529 1550 565 in
1584 528 1644 566 his
1668 531 1798 566 omnia
1822 540 1871 566 ex
1894 528 2096 565 MERLINI
2121 527 2206 579 Syl-

1255 587 1396 627 vestris
1415 589 1448 636 a)
1473 590 1592 627 citata
1613 591 1860 637 testimonia,
1886 589 2002 626 unico
2025 592 2202 637 excepto.

1253 651 1410 688 Tertius
1439 649 1536 687 liber
1564 649 1610 687 de
1642 649 1844 689 Vaticiniis
1871 649 2030 687 titulum
2061 648 2201 696 habet,

1252 717 1371 761 atque
1388 711 1460 748 hoc
1477 711 1636 748 exordio
1654 716 1933 760 argumentum
1956 722 2074 749 suum
2090 722 2203 749 enar-

1249 776 1309 810 rat
1331 785 1338 809 :
1358 771 1547 819 Quoniam
1572 772 1611 809 in
1626 771 1834 822 prioribus
1853 771 1966 810 libris
1982 772 2208 811 MERLINI

1255 832 1447 871 vaticinia
1472 836 1552 870 tam
1576 833 1764 871 Celidonii
1789 834 1824 881 b)
1849 845 1968 883 quam
1992 834 2202 882 Ambrosii,

1255 893 1347 932 locis
1387 892 1714 944 competentibus,
1748 897 1873 945 prout
1902 906 1968 934 res
1991 894 2201 945 eoez‘qebat,

1253 955 1516 994 inseruimus:
1534 955 1787 993 AMBROSIO
1801 966 1895 992 vero
1916 955 2064 994 (Italum
2081 968 2204 1008 expo-

1248 1017 1341 1064 sit0,
1362 1016 1533 1054 nondum
1576 1016 1893 1055 CELIDONIUS
1928 1017 2203 1056 Britannicam

1252 1082 1403 1116 cerutus
1429 1077 1659 1116 barbariem
1681 1107 1689 1124 ,
1716 1089 1839 1127 usque
1866 1078 1919 1116 ad
1941 1078 2036 1116 llaec
2061 1082 2202 1118 nostra

1250 1142 1424 1189 tempora
1442 1138 1567 1176 ‘latuit
1578 1150 1729 1189 parum
1752 1139 1912 1188 aynitus
1929 1152 1941 1187 ,·
1965 1143 2122 1178 nostrae
2145 1140 2203 1178 vi-

1249 1199 1417 1237 debatur
1455 1201 1645 1238 interesse
1675 1199 1924 1251 diligsentiae,
1957 1204 2036 1238 tam
2074 1201 2201 1252 ipsum

1249 1259 1300 1297 ab
1331 1261 1508 1311 antiquis
1533 1265 1572 1299 et
1592 1261 1751 1299 occultis
1776 1260 2050 1299 scrutabunda
2073 1261 2202 1313 inqui-

1248 1322 1386 1360 sitione
1411 1322 1589 1362 latebris.
1615 1328 1661 1362 ut
1676 1323 1886 1375 pulchrius
1915 1323 2111 1362 elucescat
2133 1353 2140 1370 ,
2162 1324 2202 1362 in

1249 1395 1449 1421 commune
1473 1384 1667 1422 deducere
1687 1416 1697 1432 ,
1730 1389 1767 1422 et
1791 1384 1842 1422 ab
1874 1384 2120 1435 iynorantiae
2150 1388 2202 1423 te-

1249 1443 1382 1482 nebris
1408 1445 1447 1482 in
1472 1444 1595 1483 lucem
1622 1445 1859 1497 transferre,
1885 1458 2004 1496 quam.
2030 1446 2201 1485 transla-

1249 1509 1329 1542 tum
1353 1517 1506 1557 quoque
1524 1506 1733 1556 praesenti
1770 1506 1964 1546 Voluinini
1997 1511 2196 1558 coaptare.

1251 1566 1458 1615 Prologum
1486 1568 1682 1616 integrum
1709 1569 1814 1605 tertii
1846 1567 1965 1616 hujus
1995 1567 2081 1605 libri
2120 1569 2200 1606 edi-

1255 1626 1311 1663 dit
1327 1626 1510 1665 Usserius
1528 1640 1612 1678 pag.
1639 1630 1727 1667 445.
1752 1629 2201 1678 Epistllibernicarum.

1304 1687 1562 1725 Itinerarium
1581 1687 1806 1735 Cambriae,
1824 1690 1908 1726 sive
1933 1689 1981 1726 (le
2002 1689 2199 1739 legatione

1251 1748 1468 1800 Baldewini
1496 1750 1797 1788 Cantuariensis
1814 1761 1883 1799 per
1906 1750 2104 1798 Walliam,
2125 1750 2200 1789 An.

1254 1809 1354 1847 ⁴488
1380 1809 1488 1846 libris
1510 1811 1556 1857 li,
1582 1810 1628 1847 ad
1655 1810 1914 1859 Stephanum,
1936 1812 2199 1861 Langtonum,

1254 1869 1437 1920 Archiep.
1463 1871 1742 1909 Cantuariens.
1769 1872 1805 1909 in
1844 1871 1981 1910 eadem
2007 1873 2201 1912 Cambde-

1252 1933 1368 1970 niana
1393 1936 1635 1982 scriptorum
1660 1932 1707 1970 de
1742 1932 1862 1971 rebus
1886 1932 2062 1983 Anglicis
2083 1935 2200 1973 colle—

1249 1995 1378 2030 ctione
1416 2004 1501 2042 pag.
1542 1995 1618 2032 818
1655 1998 1744 2043 post
1787 1993 2000 2032 editionem
2037 1995 2199 2033 Davidis

1249 2055 1422 2102 Poweli,
1465 2054 1585 2091 Lond.
1631 2056 1758 2102 4585,
1799 2056 1833 2092 8.
1874 2055 1969 2094 Vide
2011 2057 2195 2095 Vossium

1251 2116 1283 2153 ΙΙ
1306 2145 1314 2164 ,
1339 2116 1400 2152 58.

1301 2176 1586 2226 Descriptionis
1613 2176 1826 2216 Cambriae
1849 2178 1881 2226 c)
1914 2176 2013 2216 liber
2038 2178 2196 2229 primus

1246 2237 1292 2274 ad
1335 2237 1506 2275 eundem
1553 2238 1800 2289 Stephanum
1843 2239 1889 2277 (le
1931 2239 2196 2279 laudabilibus

1252 2297 1419 2336 ll'alliae
1452 2299 1584 2337 editus
1616 2301 1664 2338 ab
1701 2300 1838 2339 eodem
1878 2302 2048 2348 Powelo,
2079 2308 2119 2340 et
2158 2304 2195 2340 in

1246 2359 1539 2398 Cambdeniana
1568 2361 1719 2410 sylloge
1744 2373 1830 2412 pag.
1866 2363 1956 2400 880.
1991 2361 2108 2401 Liber
2139 2375 2197 2401 se-

1245 2420 1397 2458 cundus
1427 2420 1472 2458 (le
1514 2421 1814 2461 z'llauclabilibus
1864 2422 2029 2461 Walliae
2069 2426 2118 2461 in.
2151 2426 2194 2462 Η.

1245 2481 1452 2519 Warthoni
1481 2482 1620 2532 Angli-a
1646 2484 1761 2522 Sacra
1789 2489 1881 2522 tom.
1909 2486 1943 2523 2.
1971 2497 2055 2535 pag.
2083 2487 2172 2524 447.

1298 2543 1353 2580 De
1365 2543 1464 2593 jure
1490 2547 1528 2581 et
1553 2548 1660 2582 statu
1692 2546 1935 2584 Menevensis
1966 2546 2166 2585 Ecclesiae
2184 2579 2194 2595 ,

1298 2644 1331 2681 a)
1356 2645 1437 2676 lnde
1458 2646 1651 2685 sylvestris
1689 2656 1873 2687 cognomen
1911 2649 2043 2681 Giraldo
2075 2650 2200 2690 haesit,

1240 2692 1330 2730 quod
1352 2693 1482 2725 Merlini
1506 2695 1679 2733 sylvestris
1704 2699 1842 2727 somniis
1866 2699 2008 2728 nimium
2034 2698 2165 2730 tribuit.

1298 2740 1334 2777 b)
1358 2741 1407 2772 Al.
1431 2743 1613 2774 caledonii.

1298 2789 1331 2824 c)
1353 2789 1527 2828 Duplicem
1550 2791 1732 2822 editionem
1764 2793 1862 2832 hujus
1888 2795 1996 2833 operis
2021 2795 2200 2827 adornasse

1237 2836 1407 2867 Giraldum
1428 2862 1438 2875 ,
1462 2840 1670 2878 primamque
1703 2841 1832 2879 Hugoni
1859 2842 2082 2874 Lincoiniensi
2111 2844 2201 2876 dica-

1241 2887 1307 2914 tam
1325 2907 1335 2921 ,
1358 2886 1538 2918 secundam
1560 2890 1744 2919 auctiorem
1771 2890 1867 2928 longe
1893 2891 1935 2921 ab
1957 2899 1996 2922 eo
2018 2891 2129 2923 datam
2148 2893 2200 2924 lu-

1237 2934 1289 2970 ci,
1320 2937 1462 2973 utraque
1485 2944 1581 2967 usum
1605 2946 1638 2967 se
1662 2938 1861 2969 Warthonus
1884 2943 2035 2971 testatur.
2067 2943 2199 2972 Primae

1237 2982 1271 3011 in
1295 2981 1415 3013 Codice
1439 2985 1787 3018 westmonasteriensi
1812 2990 2005 3027 praefigitur
2044 2990 2198 3022 W'alliae

1237 3039 1369 3069 mappa
1392 3033 1461 3063 sive
1484 3033 1597 3064 tabula
1621 3036 1866 3075 Corographica
1902 3038 2032 3077 depicta
2065 3041 2195 3079 minio,

1237 3088 1321 3118 quae
1337 3085 1468 3119 praeter
1481 3081 1601 3114 fluvios
1614 3084 1800 3124 plerosque,
1810 3090 1937 3117 montes
1952 3091 1983 3117 et
2000 3089 2099 3119 maris
2115 3097 2198 3119 eon-

1235 3131 1368 3161 termini
1393 3133 1512 3170 ripam,
1536 3141 1574 3164 ae
1597 3134 1755 3165 finitimas
1780 3136 1916 3174 Angliae
1939 3135 2048 3173 urbes,
2073 3137 2196 3175 oppida

1236 3178 1369 3209 Walliae
1392 3182 1500 3211 XLlil.
1527 3181 1686 3214 duntaxat
1710 3187 1813 3214 notat.
1839 3187 1883 3215 De
1912 3185 1972 3215 hac
1985 3193 2104 3224 mappa
2121 3187 2196 3217 vide

1235 3235 1319 3265 quae
1347 3230 1499 3261 Giraldus
1524 3233 1593 3270 ipse
1615 3233 1703 3272 apud
1727 3232 1947 3264 Warthonum
1971 3237 2051 3265 tom.
2076 3234 2095 3264 2
2118 3242 2193 3274 pag.

1235 3275 1308 3307 441.
1331 3281 1362 3307 et
1386 3277 1460 3309 445.
1485 3279 1552 3310 sed.
