2293 3494
239 131 316 170 298

291 200 507 239 JACOBUS
536 198 580 234 de
615 194 874 234 Blonconibus
915 197 962 234 de
1004 199 1180 237 Mevania

242 263 408 306 Umber,
432 259 522 296 Ord.
548 257 681 296 Praed.
707 257 797 295 obiit
819 257 864 295 A.
891 259 1005 297 1304.
1023 260 1180 310 scripsit

239 319 437 374 speculum
474 319 728 357 humanitatis
758 318 944 367 CHristi,
988 322 1180 370 capitibus

239 383 358 422 XXV.
390 386 428 418 et
454 379 653 431 speculum
675 383 928 430 peccatorum
957 384 995 418 et
1019 380 1065 418 de
1092 381 1167 420 ulti
1175 406 1183 414 π

240 455 298 481 mo
314 442 482 494 juclz'ciO,
506 443 699 493 capitibus
727 442 872 480 XXIII.
897 443 1004 480 MSta
1035 454 1181 482 memo-

241 509 300 542 rat
323 505 492 543 Jacobus
512 504 647 550 Quetif
668 510 763 541 tom.
785 504 812 541 I.
836 514 924 553 pag.
948 504 1035 542 492..

289 565 506 605 JACOBUS
535 565 580 603 de
615 564 825 605 Blanchis.
866 576 985 615 supra
1013 565 1182 604 Jacobus

238 627 549 667 .‹1leoeandrinus.

288 689 508 729 JACOBUS
542 689 794 728 Bononiensis
828 691 930 728 circa
970 691 1044 729 An.
1067 691 1181 730 4530.

243 751 357 802 cujus
390 753 671 802 castigationes
700 762 846 801 paucae
870 751 1061 801 quadeam
1103 763 1179 791 non

238 812 552 852 contemnendae
600 813 639 850 in
671 812 904 852 Sallustium
948 818 1107 851 exstant
1144 815 1181 851 in

240 878 361 914 variis
392 874 512 924 hujus
542 875 742 925 scriptoris
763 874 1024 921 editionibus,
1047 879 1092 913 ut
1116 886 1184 913 no-

240 944 323 977 tare
348 949 410 976 me
429 938 590 975 memini
617 938 653 974 in
675 936 770 974 Bibl.
792 938 928 974 Latina
951 936 1003 974 lib
1026 938 1058 975 4.
1090 948 1123 974 c.
1145 937 1181 973 9.

291 1000 312 1023 ³*
331 999 550 1039 JACOBUS
567 999 677 1037 Alter
701 1000 959 1037 BononienSis
975 1009 1050 1035 non
1069 999 1182 1035 omit—

239 1061 384 1100 tendus
408 1062 534 1099 fuerat
555 1061 698 1110 quippe
724 1061 790 1109 qui
815 1060 967 1109 glossas
1001 1059 1108 1097 dedit
1142 1060 1180 1096 in

237 1124 303 1173 jus
323 1123 450 1169 civile,
465 1122 762 1172 appellaturque
779 1122 968 1170 antiquus
989 1121 1181 1170 glossator

239 1191 283 1224 ut
311 1185 576 1233 distinguatur
613 1183 660 1221 ab
699 1181 817 1220 altero
843 1182 985 1220 Jacobo
1015 1182 1180 1220 Bandini

239 1247 380 1284 aetatis
417 1245 648 1282 recentioris
685 1244 791 1282 JCto.
841 1244 952 1282 Hunc
993 1243 1182 1282 Jacobum

237 1308 526 1347 Bononiensem
543 1306 712 1356 appellat
727 1306 975 1344 Ptolomaeus
994 1306 1183 1344 Lucensis

239 1371 338 1408 Hist.
367 1368 519 1407 Eccles.
553 1368 617 1407 21.
646 1378 678 1405 c.
705 1368 766 1405 48.
792 1378 835 1405 ac
861 1368 968 1417 leges
994 1369 1184 1416 interpre-

239 1437 366 1469 tatum
400 1442 444 1468 eo
468 1435 643 1480 tempore
659 1429 765 1477 dicit,
783 1440 860 1478 quo
878 1429 1090 1467 Gratianus
1112 1429 1184 1466 De-

241 1497 392 1532 cretum
417 1503 533 1530 suum
558 1492 796 1541 compilavit.

297 1553 550 1593 *JACOBUS
574 1554 706 1591 Bonus
729 1552 969 1602 Epidaurius
1008 1553 1187 1592 Dalmata

243 1616 350 1655 dedit
374 1627 511 1667 poema
530 1616 683 1666 epicum
714 1615 822 1652 libris
846 1615 973 1652 tribus
1011 1626 1188 1664 compre-

241 1679 410 1723 hensum
427 1689 504 1727 quo
522 1677 694 1727 singulos
711 1676 953 1728 singularum
978 1687 1184 1714 musarum

242 1741 399 1778 nomine
423 1737 817 1788 inscripsitHerodoti
837 1748 957 1775 more.
981 1738 1184 1776 Excusum

241 1807 303 1840 est
323 1801 469 1851 absque
491 1801 761 1850 designatione
788 1799 859 1836 loci
879 1804 916 1837 et
934 1801 1133 1850 temporis.

295 1863 514 1902 JACOBUS
543 1860 588 1899 (le
617 1863 784 1899 Bozato:
822 1862 921 1899 infra
958 1860 1003 1898 de
1032 1862 1186 1900 Susato.

296 1924 516 1964 JACOBUS
534 1922 804 1962 Bracciolinus
820 1934 941 1973 supra
958 1923 1189 1962 BRACCIO-

245 1987 402 2026 LlM's.

297 2048 517 2087 JACOBUS
545 2045 785 2085 Bracellius:
826 2057 944 2097 supra
975 2047 1190 2087 BRACEL-

247 2110 340 2148 LUS
363 2114 457 2147 tom.
486 2111 520 2159 i,
536 2120 622 2160 pag.
641 2108 730 2146 247.

298 2171 519 2210 JACOBUS
542 2171 708 2209 Manlius
733 2173 765 2219 a)
790 2171 1019 2221 Briycintius
1034 2172 1186 2215 Doctor.

246 2234 402 2284 scripsit
423 2234 531 2271 Vitas
552 2233 837 2282 Imperatorum
863 2237 902 2271 et
933 2234 1187 2281 Pontificum,

244 2294 293 2332 de
321 2294 464 2344 quibus
493 2294 697 2332 Simlerus.
741 2294 929 2332 Eiusdem
972 2294 1189 2334 Chronicon

242 2355 505 2408 Episcopatus
527 2355 835 2394 Constuntzensis
859 2357 1084 2395 absolutum
1110 2359 1191 2395 Bri-

245 2420 398 2468 gantiae
423 2419 458 2455 in
485 2419 629 2456 Svevia
653 2418 725 2456 An.
753 2419 854 2457 4519
891 2418 951 2457 47.
989 2418 1086 2469 Aug.
1112 2420 1191 2457 edi-

243 2485 329 2518 tum
354 2484 415 2518 est
438 2491 459 2518 a
495 2481 657 2517 Pistorio
695 2491 787 2518 cum
826 2491 967 2530 magno
998 2481 1190 2519 Chronico

243 2541 398 2592 Belgico
423 2546 515 2578 tom.
546 2542 581 2579 2.
609 2542 787 2591 scriptor.
814 2553 946 2580 rerum
984 2542 1190 2580 Germani-

244 2614 379 2642 carum
405 2613 489 2652 pag.
513 2603 588 2641 615
613 2603 689 2639 722
707 2602 874 2641 adiectis
891 2604 939 2641 ab
960 2605 1034 2642 alio
1058 2604 1190 2641 nescio

248 2676 325 2715 quo
346 2695 355 2714 ,
378 2665 541 2702 auctarii
575 2666 686 2710 vice,
713 2665 869 2703 familiis
906 2666 1188 2715 Episcoporum

245 2730 284 2764 et
304 2726 596 2777 continuatione
625 2737 753 2775 usque
779 2726 828 2764 ad
851 2727 924 2765 An.
957 2727 1071 2765 4607.

295 2786 515 2826 JACOBUS
531 2786 576 2825 de
592 2787 741 2833 Brizia,
763 2788 863 2826 infra
876 2787 1046 2826 Jacobus
1071 2788 1186 2825 Petri.

294 2849 516 2888 JACOBUS
531 2848 576 2887 de
594 2849 739 2899 Bruyis
766 2849 945 2898 Flander,
964 2850 1188 2896 Carmelita,

245 2913 401 2951 Parisiis
424 2911 576 2950 audivit
596 2911 828 2950 Godfridum
854 2912 1186 2957 Gornubiensem,

246 2976 329 3024 ipse
354 2976 470 3012 etiam
487 3005 497 3022 ,
524 2974 678 3025 Alegrio
704 2977 734 3012 si
761 2974 881 3020 fides,
906 2976 1049 3013 Doctor
1086 2974 1188 3011 Pari-

248 3036 389 3074 siensis
414 3038 517 3074 circa
541 3036 612 3074 An.
650 3036 761 3074 4310.
792 3037 956 3087 Scripsit
979 3035 1024 3074 de
1048 3045 1190 3087 impas-

246 3093 429 3135 sibilitate
444 3097 602 3135 animae
622 3096 721 3135 etde
741 3101 845 3136 mutu
864 3096 1075 3136 intellectus
1091 3107 1190 3147 quas

302 3184 333 3219 a}
358 3185 448 3223 Apud
472 3186 622 3216 vossium
647 3193 720 3223 pag.
744 3185 815 3216 6331.
841 3190 871 3216 ei
899 3187 1057 3217 miraeum
1081 3186 1196 3216 vitiose

243 3232 427 3263 Manilius.

965 124 1305 166 JACOBUS

1255 197 1352 235 duas
1377 195 1480 232 illius
1500 195 1792 233 lucubrationes
1813 200 1966 244 praeter
1990 196 2190 246 Alegrium

1253 268 1338 308 pag.
1362 256 1437 293 280
1461 255 1628 305 paradisi
1649 255 1883 295 Carmelitici
1907 256 2083 307 decoris,
2109 267 2190 296 me-

1254 321 1407 356 morant
1422 317 1598 356 Valerius
1612 318 1790 357 Andreas
1807 330 1893 369 pag.
1920 319 1992 357 404
2018 324 2057 358 et-
2077 321 2190 359 Swe—

1254 380 1377 417 ertius
1397 389 1483 429 pag.
1508 380 1596 418 358.

1305 439 1522 478 JACOBUS
1555 441 1729 491 Brutus,
1762 442 2090 490 Novocomensis,
2121 443 2190 479 Le-

1255 506 1338 539 ctor
1362 501 1644 551 Religiosorum
1669 504 1849 541 Fratrum
1874 502 1965 541 Ord.
1991 503 2029 541 S.
2056 503 2191 542 Salva-

1255 564 1362 609 toris‚
1379 562 1499 601 edidit
1515 564 1623 613 Opus
1639 563 1685 602 de
1708 562 2001 602 immortalitate
2020 563 2188 611 animae,

1256 625 1358 675 quod
1375 626 1574 675 inscripsit
1590 625 1766 664 Auream
1785 637 1970 665 coronam
1987 625 2192 677 pretiosis-

1255 686 1363 726 simis
1386 685 1599 738 confertam
1620 686 1776 738 lapillis.
1797 690 1932 728 Venet.
1957 688 2074 727 4496.
2094 687 2191 726 Vide

1257 750 1524 787 Possevinum.

1308 811 1329 832 ἦ
1351 811 1482 849 Jacobi
1506 810 1624 849 huius
1646 813 1757 850 Bruti
1782 814 1907 861 patria
1928 813 1983 849 sic
2003 811 2197 860 expromi-

1255 878 1319 911 tur
1342 874 1377 910 in
1402 874 1460 910 tit.
1487 872 1577 910 edit.
1603 872 1776 910 Venetae
1800 873 1845 910 Α.
1868 874 1980 912 4496.
2003 875 2040 910 in
2060 868 2198 909 Jacobi

1254 935 1372 973 Bruti
1392 933 1630 973 Clieritensis
1654 945 1678 970 α
1701 932 1865 973 Castello
1888 933 1933 971 de
1948 933 2064 986 Aqua
2079 932 2194 972 vallis

1253 996 1437 1035 Stellincte
1475 997 1630 1036 Corona
1667 1007 1795 1033 aurea
1823 1000 1896 1033 etc,
1921 997 2000 1034 Hoc
2029 1006 2126 1034 vero
2155 996 2194 1032 in

1254 1070 1368 1108 opere
1386 1070 1459 1096 non
1485 1059 1532 1096 de
1558 1070 1633 1096 una
1657 1058 1776 1096 animi
1797 1057 2090 1096 immortalitate
2116 1057 2195 1106 agi-

1254 1125 1330 1168 tur,
1356 1119 1424 1157 sed
1449 1123 1488 1157 et
1512 1119 1559 1158 de
1580 1121 1665 1158 eius
1684 1110 1851 1167 dotibus,
1874 1119 2135 1167 facultatibus,
2159 1121 2198 1155 et

1256 1181 1418 1231 spiritali
1451 1186 1604 1219 natura.

1307 1243 1523 1282 JACOBUS
1547 1242 1593 1280 de
1616 1242 1858 1293 Butriquriis
1873 1274 1883 1290 ‚
1914 1243 2197 1289 Bononiensis,

1255 1307 1376 1345 JCtus
1395 1307 1497 1342 circa
1521 1304 1594 1343 Au.
1623 1305 1735 1343 4330.
1760 1305 1979 1351 Bononiae,
2004 1303 2068 1342 ubi
2095 1305 2196 1343 inter

1257 1367 1455 1406 auditores
1484 1378 1577 1404 suos
1597 1366 1733 1404 habuit
1763 1365 1952 1414 Baldum,
1978 1365 2197 1404 Bartolum-

1258 1441 1360 1479 que·,
1385 1429 1517 1467 docuit
1551 1440 1596 1466 ea
1631 1429 1732 1466 fama
1761 1439 1805 1466 ac
1840 1427 1980 1475 laude,
2010 1432 2054 1466 ut
2087 1426 2200 1465 Juris

1260 1489 1387 1529 lum'en
1408 1495 1715 1540 nuncuparetur.
1742 1490 1906 1539 Scripsit
1921 1489 2110 1528 lecturam
2129 1488 2201 1527 du-

1259 1554 1425 1603 plicem.
1463 1556 1639 1589 veterem
1679 1556 1718 1589 et
1751 1562 1893 1589 novam
1925 1550 1965 1588 in
1999 1550 2199 1601 Diyestum

1259 1619 1395 1654 votus:
1429 1614 1613 1652 similiter
1637 1613 1677 1651 in
1710 1612 1888 1652 codicem
1920 1612 1980 1650 bis
2018 1613 2198 1662 scripsit,

1261 1689 1331 1715 nec
1355 1688 1432 1714 non
1462 1677 1774 1715 Commentarios
1802 1674 1847 1713 de
1884 1672 2128 1724 actionibus,
2153 1672 2199 1712 de

1261 1737 1442 1785 dotibus,
1473 1737 1518 1775 de
1560 1737 1790 1788 oppositione
1826 1735 2123 1787 compromissi,
2155 1735 2201 1774 de

1262 1798 1422 1838 testibus
1445 1804 1484 1837 et
1506 1798 1552 1836 de
1575 1796 1936 1836 renunciationibus
1958 1797 2069 1835 Juris
2085 1791 2201 1836 'Civi-

1264 1861 1322 1900 lis.
1347 1861 1442 1899 Vide
1460 1860 1630 1899 Guidum
1653 1860 1911 1899 Pancirollum
1938 1860 1983 1897 11.
2008 1859 2055 1897 56
2072 1858 2119 1897 de
2143 1860 2201 1897 in-

1262 1924 1503 1974 terpretibus
1526 1924 1632 1962 Juris
1647 1954 1657 1971 ,
1681 1927 1800 1972 atque
1835 1921 2138 1960 Hendreichium
2161 1932 2197 1971 p.

1262 1987 1329 2024 811
1368 1996 1448 2034 seq.
1470 1985 1654 2035 pandect.
1674 1983 1967 2033 Brandenburg.
1990 1984 2055 2032 qui
2077 1981 2200 2021 edito-

1260 2059 1347 2086 rum
1373 2046 1491 2084 tradit
1516 2047 1691 2084 notitiam
1706 2077 1717 2093 ,
1743 2050 1860 2094 atque
1882 2046 2060 2082 meminit
2082 2044 2201 2081 etiam

1260 2108 1307 2147 de.
1331 2109 1416 2147 aliis
1451 2109 1703 2158 Butrigariis,
1740 2107 1908 2145 Antonio
1928 2111 1968 2144 et
2000 2104 2200 2144 Bartholo-

1261 2182 1371 2210 maeo
1394 2171 1512 2217 JCtis,
1537 2174 1576 2207 et
1595 2168 1818 2219 junioribus
1842 2168 1967 2218 longe,
1993 2168 2198 2205 Franciseo

1259 2233 1378 2279 JCto,
1404 2237 1443 2270 et
1467 2232 1629 2270 Hercule
1653 2231 1811 2269 Musico.
1842 2230 1863 2249 *
1880 2229 2050 2267 Consilia
2083 2239 2201 2278 quac-

1260 2295 1348 2333 dam
1369 2298 1503 2340 servat
1519 2294 1596 2331 MS.
1617 2292 1708 2331 Cod.
1728 2292 1816 2329 372.
1842 2290 2021 2330 Biblioth.
2052 2290 2185 2328 Felini.

1312 2356 1532 2395 JACOBUS
1567 2354 1780 2405 CaJ'etanus
1805 2354 1889 2391 sive
1920 2351 2124 2402 Gaytanus
2153 2351 2200 2390 de

1263 2418 1556 2468 StephanesciS,
1582 2417 1813 2467 Anagninus
1835 2416 1874 2454 S.
1893 2415 2045 2464 Georgii
2069 2413 2116 2452 ad
2132 2414 2205 2452 Ve-

1263 2481 1343 2518 lum
1369 2490 1532 2518 aureum
1565 2480 1760 2517 Diaconus
1799 2474 2028 2517 Cardinalz's
2058 2475 2106 2513 ab
2129 2474 2202 2513 An.

1266 2542 1364 2580 4296
1389 2541 1436 2580 ad
1464 2541 1564 2579 4343
1589 2541 1755 2590 scriptor
1779 2539 1863 2577 libri
1888 2537 1933 2576 de
1956 2548 2056 2575 anno
2081 2540 2204 2576 cente-

1262 2604 1358 2642 simo
1382 2605 1466 2642 sive
1489 2601 1679 2649 Jubilaeo,
1694 2602 1759 2652 qui
1778 2600 1976 2650 adjunctis
1995 2599 2095 2637 notis
2109 2599 2202 2636 Julii

1263 2667 1374 2703 Rosei
1392 2664 1533 2715 prodiit
1550 2666 1759 2715 separatim
1778 2677 1784 2701 z
1801 2663 1890 2700 inde
1909 2663 1945 2700 in
1965 2659 2202 2700 Bibliotheca

1262 2728 1421 2766 Patrum
1442 2727 1663 2766 Coloniensi
1687 2730 1783 2762 tom.
1806 2725 1896 2763 XIII
1922 2728 1961 2761 et
1985 2724 2022 2760 in
2048 2722 2202 2773 Lugdu-

1262 2789 1374 2826 nensi
1395 2793 1489 2825 tom.
1508 2788 1630 2826 XXV.
1649 2798 1733 2837 pag.
1753 2787 1840 2825 936.
1859 2785 2050 2835 Ejusdem
2070 2784 2202 2823 Jacobi

1261 2848 1441 2887 earmina
1464 2848 1539 2887 duo
1560 2851 1596 2887 in
1621 2849 1843 2887 Jubilaeum
1864 2859 1950 2898 pag.
1978 2847 2053 2885 942
2077 2851 2116 2884 et
2133 2847 2203 2884 Bo-

1263 2912 1389 2950 nifacii
1415 2911 1512 2950 Vlll.
1538 2911 1741 2962 privIlegia
1765 2911 1838 2948 tria
1855 2921 1976 2959 super
1991 2909 2202 2959 Indulgen—

1264 2975 1326 3011 tiis
1349 2973 1526 3011 Jubilaei.
1551 2984 1636 3023 pag.
1673 2973 1747 3010 943
1769 2982 1851 3021 seq.
1877 2969 2060 3010 Condidit
2082 2971 2198 3008 etiam

1262 3035 1370 3072 libris
1394 3036 1457 3073 111.
1480 3038 1604 3072 metro
1626 3034 1779 3072 heroico
1798 3032 1919 3071 vitam
1938 3033 2040 3070 Petri
2056 3031 2199 3078 Moroni

1264 3098 1347 3135 sive
1374 3095 1583 3137 coelestim·
1604 3097 1641 3134 V.
1667 3097 1732 3146 qui
1762 3097 1910 3145 Papatu
1933 3105 1975 3132 se
1998 3093 2069 3132 An.
2096 3091 2197 3130 1294

1264 3163 1401 3208 sponte
1426 3158 1635 3197 abdicans.
1661 3158 1789 3196 locum
1814 3156 1966 3207 aperuit
1990 3153 2198 3192 Benedicta

1266 3222 1476 3270 (jajotano.
1503 3221 1632 3258 Jacobi
1665 3221 1906 3270 propinquo,
1938 3218 2037 3253 inter
2078 3217 2198 3266 Papus
