<?xml version="1.0" encoding="UTF-8"?>
<!DOCTYPE html PUBLIC "-//W3C//DTD XHTML 1.0 Transitional//EN"
    "http://www.w3.org/TR/xhtml1/DTD/xhtml1-transitional.dtd">
<html xmlns="http://www.w3.org/1999/xhtml" xml:lang="en" lang="en">
 <head>
  <title>
</title>
<meta http-equiv="Content-Type" content="text/html;charset=utf-8" />
  <meta name='ocr-system' content='tesseract 3.04.00' />
  <meta name='ocr-capabilities' content='ocr_page ocr_carea ocr_par ocr_line ocrx_word'/>
</head>
<body>
  <div class='ocr_page' id='page_1' title='image "./bibliothecalatin03fabruoft/bibliothecalatin03fabruoft_0335.png"; bbox 0 0 2293 3494; ppageno 0'>
   <div class='ocr_carea' id='block_1_1' title="bbox 895 55 1323 96">
    <p class='ocr_par' dir='ltr' id='par_1_1' title="bbox 895 55 1323 96">
     <span class='ocr_line' id='line_1_1' title="bbox 895 55 1323 96; baseline 0.007 -3"><span class='ocrx_word' id='word_1_1' title='bbox 895 55 1323 96; x_wconf 84' lang='lat' dir='ltr'><strong>JOACHIMUS</strong></span> 
     </span>
    </p>
   </div>
   <div class='ocr_carea' id='block_1_2' title="bbox 95 126 1059 2982">
    <p class='ocr_par' dir='ltr' id='par_1_2' title="bbox 95 126 1059 2982">
     <span class='ocr_line' id='line_1_2' title="bbox 114 126 1058 176; baseline -0.002 -12"><span class='ocrx_word' id='word_1_2' title='bbox 114 139 279 176; x_wconf 88' lang='lat' dir='ltr'>rumque</span> <span class='ocrx_word' id='word_1_3' title='bbox 303 131 463 164; x_wconf 80' lang='lat' dir='ltr'>exstant</span> <span class='ocrx_word' id='word_1_4' title='bbox 483 127 520 163; x_wconf 91' lang='lat' dir='ltr'>in</span> <span class='ocrx_word' id='word_1_5' title='bbox 545 127 707 164; x_wconf 87' lang='lat' dir='ltr'>Joannis</span> <span class='ocrx_word' id='word_1_6' title='bbox 729 126 858 163; x_wconf 86' lang='lat' dir='ltr'>Woliii</span> <span class='ocrx_word' id='word_1_7' title='bbox 881 126 1058 163; x_wconf 87' lang='lat' dir='ltr'>lectioni-</span> 
     </span>
     <span class='ocr_line' id='line_1_3' title="bbox 112 186 1054 237; baseline -0.003 -12"><span class='ocrx_word' id='word_1_8' title='bbox 112 188 187 226; x_wconf 86' lang='lat' dir='ltr'>bus</span> <span class='ocrx_word' id='word_1_9' title='bbox 221 186 539 224; x_wconf 79' lang='lat' dir='ltr'>memorabilibus</span> <span class='ocrx_word' id='word_1_10' title='bbox 573 190 666 223; x_wconf 90' lang='lat' dir='ltr'>tom.</span> <span class='ocrx_word' id='word_1_11' title='bbox 694 188 728 225; x_wconf 95' lang='lat'>4.</span> <span class='ocrx_word' id='word_1_12' title='bbox 754 199 841 237; x_wconf 87' lang='lat' dir='ltr'>pag.</span> <span class='ocrx_word' id='word_1_13' title='bbox 868 187 941 224; x_wconf 89' lang='lat'>499</span> <span class='ocrx_word' id='word_1_14' title='bbox 972 197 1054 235; x_wconf 89' lang='lat' dir='ltr'>seq.</span> 
     </span>
     <span class='ocr_line' id='line_1_4' title="bbox 113 247 1055 297; baseline -0.001 -12"><span class='ocrx_word' id='word_1_15' title='bbox 113 248 187 285; x_wconf 85' lang='lat'>443</span> <span class='ocrx_word' id='word_1_16' title='bbox 225 247 399 285; x_wconf 77' lang='lat' dir='ltr'>Celebris</span> <span class='ocrx_word' id='word_1_17' title='bbox 434 252 474 285; x_wconf 88' lang='lat' dir='ltr'>et</span> <span class='ocrx_word' id='word_1_18' title='bbox 516 248 693 297; x_wconf 78' lang='lat' dir='ltr'>inprimis</span> <span class='ocrx_word' id='word_1_19' title='bbox 728 248 955 286; x_wconf 86' lang='lat' dir='ltr'>Joachimus</span> <span class='ocrx_word' id='word_1_20' title='bbox 994 247 1055 285; x_wconf 89' lang='lat' dir='ltr'>hic</span> 
     </span>
     <span class='ocr_line' id='line_1_5' title="bbox 110 308 1056 358; baseline 0.001 -13"><span class='ocrx_word' id='word_1_21' title='bbox 110 313 269 358; x_wconf 88' lang='lat' dir='ltr'>propter</span> <span class='ocrx_word' id='word_1_22' title='bbox 289 308 543 356; x_wconf 88' lang='lat' dir='ltr'>vaticinandi,</span> <span class='ocrx_word' id='word_1_23' title='bbox 568 319 687 357; x_wconf 88' lang='lat' dir='ltr'>quam</span> <span class='ocrx_word' id='word_1_24' title='bbox 710 320 800 358; x_wconf 87' lang='lat' dir='ltr'>prae</span> <span class='ocrx_word' id='word_1_25' title='bbox 825 321 868 347; x_wconf 82' lang='lat' dir='ltr'>se</span> <span class='ocrx_word' id='word_1_26' title='bbox 889 309 979 348; x_wconf 83' lang='lat' dir='ltr'>tulit</span> <span class='ocrx_word' id='word_1_27' title='bbox 1000 309 1056 346; x_wconf 84' lang='lat' dir='ltr'>fa-</span> 
     </span>
     <span class='ocr_line' id='line_1_6' title="bbox 110 369 1054 418; baseline -0.002 -10"><span class='ocrx_word' id='word_1_28' title='bbox 110 370 298 408; x_wconf 81' lang='lat' dir='ltr'>cultatem</span> <span class='ocrx_word' id='word_1_29' title='bbox 320 382 327 406; x_wconf 90' lang='lat'>:</span> <span class='ocrx_word' id='word_1_30' title='bbox 350 380 578 418; x_wconf 76' lang='lat' dir='ltr'>quanquam</span> <span class='ocrx_word' id='word_1_31' title='bbox 608 369 829 408; x_wconf 82' lang='lat' dir='ltr'>Guilelmus</span> <span class='ocrx_word' id='word_1_32' title='bbox 864 370 1054 408; x_wconf 85' lang='lat' dir='ltr'>Parisien-</span> 
     </span>
     <span class='ocr_line' id='line_1_7' title="bbox 109 429 1053 481; baseline 0.002 -14"><span class='ocrx_word' id='word_1_33' title='bbox 109 432 164 468; x_wconf 86' lang='lat' dir='ltr'>sis</span> <span class='ocrx_word' id='word_1_34' title='bbox 185 430 249 468; x_wconf 91' lang='lat' dir='ltr'>lib.</span> <span class='ocrx_word' id='word_1_35' title='bbox 267 429 316 468; x_wconf 89' lang='lat' dir='ltr'>de</span> <span class='ocrx_word' id='word_1_36' title='bbox 337 430 556 468; x_wconf 84' lang='lat' dir='ltr'>Virtutibus</span> <span class='ocrx_word' id='word_1_37' title='bbox 577 440 661 479; x_wconf 90' lang='lat' dir='ltr'>cap.</span> <span class='ocrx_word' id='word_1_38' title='bbox 680 430 747 468; x_wconf 82' lang='lat' dir='ltr'>XI.</span> <span class='ocrx_word' id='word_1_39' title='bbox 773 442 858 481; x_wconf 92' lang='lat' dir='ltr'>pag.</span> <span class='ocrx_word' id='word_1_40' title='bbox 881 431 968 469; x_wconf 69' lang='lat'>452.</span> <span class='ocrx_word' id='word_1_41' title='bbox 985 443 1053 468; x_wconf 83' lang='lat' dir='ltr'>au-</span> 
     </span>
     <span class='ocr_line' id='line_1_8' title="bbox 107 491 1053 529; baseline -0.001 0"><span class='ocrx_word' id='word_1_42' title='bbox 107 497 190 529; x_wconf 87' lang='lat' dir='ltr'>ctor</span> <span class='ocrx_word' id='word_1_43' title='bbox 218 496 279 529; x_wconf 86' lang='lat' dir='ltr'>est</span> <span class='ocrx_word' id='word_1_44' title='bbox 316 491 526 529; x_wconf 90' lang='lat' dir='ltr'>nonnullos</span> <span class='ocrx_word' id='word_1_45' title='bbox 557 491 772 529; x_wconf 75' lang='lat' dir='ltr'>credidisse</span> <span class='ocrx_word' id='word_1_46' title='bbox 808 503 883 529; x_wconf 86' lang='lat' dir='ltr'>non</span> <span class='ocrx_word' id='word_1_47' title='bbox 912 491 1053 529; x_wconf 86' lang='lat' dir='ltr'>donum</span> 
     </span>
     <span class='ocr_line' id='line_1_9' title="bbox 107 551 1053 602; baseline -0.002 -12"><span class='ocrx_word' id='word_1_48' title='bbox 107 551 339 602; x_wconf 75' lang='lat' dir='ltr'>Prophetiae</span> <span class='ocrx_word' id='word_1_49' title='bbox 355 552 427 589; x_wconf 88' lang='lat' dir='ltr'>hoc</span> <span class='ocrx_word' id='word_1_50' title='bbox 444 552 584 599; x_wconf 85' lang='lat' dir='ltr'>fuisse,</span> <span class='ocrx_word' id='word_1_51' title='bbox 604 552 673 589; x_wconf 76' lang='lat' dir='ltr'>secl</span> <span class='ocrx_word' id='word_1_52' title='bbox 691 552 924 599; x_wconf 83' lang='lat' dir='ltr'>intellectus,</span> <span class='ocrx_word' id='word_1_53' title='bbox 941 551 1053 602; x_wconf 71' lang='lat' dir='ltr'>idque</span> 
     </span>
     <span class='ocr_line' id='line_1_10' title="bbox 107 612 1051 664; baseline 0.001 -14"><span class='ocrx_word' id='word_1_54' title='bbox 107 617 237 651; x_wconf 79' lang='lat' dir='ltr'><em>tantae</em></span> <span class='ocrx_word' id='word_1_55' title='bbox 269 612 467 650; x_wconf 71' lang='lat' dir='ltr'>claritatis</span> <span class='ocrx_word' id='word_1_56' title='bbox 491 618 526 651; x_wconf 79' lang='lat' dir='ltr'>et</span> <span class='ocrx_word' id='word_1_57' title='bbox 557 613 751 651; x_wconf 78' lang='lat' dir='ltr'>acuminis</span> <span class='ocrx_word' id='word_1_58' title='bbox 780 618 824 651; x_wconf 79' lang='lat' dir='ltr'>ut</span> <span class='ocrx_word' id='word_1_59' title='bbox 846 614 885 651; x_wconf 83' lang='lat' dir='ltr'>in</span> <span class='ocrx_word' id='word_1_60' title='bbox 909 612 1051 664; x_wconf 82' lang='lat' dir='ltr'>quibu-</span> 
     </span>
     <span class='ocr_line' id='line_1_11' title="bbox 105 673 1053 726; baseline 0 -14"><span class='ocrx_word' id='word_1_61' title='bbox 105 674 218 712; x_wconf 82' lang='lat' dir='ltr'>sdam</span> <span class='ocrx_word' id='word_1_62' title='bbox 238 674 350 713; x_wconf 75' lang='lat' dir='ltr'>valde</span> <span class='ocrx_word' id='word_1_63' title='bbox 373 673 638 713; x_wconf 82' lang='lat' dir='ltr'>assimilatum</span> <span class='ocrx_word' id='word_1_64' title='bbox 660 674 787 726; x_wconf 76' lang='lat' dir='ltr'>fuerit</span> <span class='ocrx_word' id='word_1_65' title='bbox 812 674 1053 725; x_wconf 81' lang='lat' dir='ltr'>Prophetiae.</span> 
     </span>
     <span class='ocr_line' id='line_1_12' title="bbox 106 737 1052 786; baseline -0.001 -12"><span class='ocrx_word' id='word_1_66' title='bbox 106 737 251 774; x_wconf 88' lang='lat' dir='ltr'>Confer</span> <span class='ocrx_word' id='word_1_67' title='bbox 272 738 414 774; x_wconf 87' lang='lat' dir='ltr'>iterum</span> <span class='ocrx_word' id='word_1_68' title='bbox 437 737 744 786; x_wconf 65' lang='lat' dir='ltr'>papebrochium</span> <span class='ocrx_word' id='word_1_69' title='bbox 764 748 847 786; x_wconf 90' lang='lat' dir='ltr'>pag.</span> <span class='ocrx_word' id='word_1_70' title='bbox 876 737 949 775; x_wconf 88' lang='lat'>434</span> <span class='ocrx_word' id='word_1_71' title='bbox 972 747 1052 785; x_wconf 91' lang='lat' dir='ltr'>seq.</span> 
     </span>
     <span class='ocr_line' id='line_1_13' title="bbox 104 797 1053 848; baseline 0 -14"><span class='ocrx_word' id='word_1_72' title='bbox 104 798 264 848; x_wconf 89' lang='lat' dir='ltr'>Pagium</span> <span class='ocrx_word' id='word_1_73' title='bbox 290 797 338 835; x_wconf 89' lang='lat' dir='ltr'>ad</span> <span class='ocrx_word' id='word_1_74' title='bbox 364 797 435 835; x_wconf 89' lang='lat' dir='ltr'>An.</span> <span class='ocrx_word' id='word_1_75' title='bbox 464 798 576 836; x_wconf 86' lang='lat'>4488.</span> <span class='ocrx_word' id='word_1_76' title='bbox 601 809 641 835; x_wconf 90' lang='lat' dir='ltr'>n.</span> <span class='ocrx_word' id='word_1_77' title='bbox 666 799 713 837; x_wconf 85' lang='lat'>49</span> <span class='ocrx_word' id='word_1_78' title='bbox 739 809 820 847; x_wconf 90' lang='lat' dir='ltr'>seq.</span> <span class='ocrx_word' id='word_1_79' title='bbox 845 802 884 835; x_wconf 88' lang='lat' dir='ltr'>et</span> <span class='ocrx_word' id='word_1_80' title='bbox 908 797 954 835; x_wconf 87' lang='lat' dir='ltr'>ad</span> <span class='ocrx_word' id='word_1_81' title='bbox 980 797 1053 835; x_wconf 87' lang='lat' dir='ltr'>An.</span> 
     </span>
     <span class='ocr_line' id='line_1_14' title="bbox 107 857 1054 908; baseline 0 -13"><span class='ocrx_word' id='word_1_82' title='bbox 107 858 208 896; x_wconf 91' lang='lat'>4490</span> <span class='ocrx_word' id='word_1_83' title='bbox 231 858 264 908; x_wconf 61' lang='grc' dir='ltr'>ξ.</span> <span class='ocrx_word' id='word_1_84' title='bbox 293 859 328 895; x_wconf 86' lang='grc'>4.</span> <span class='ocrx_word' id='word_1_85' title='bbox 349 869 429 907; x_wconf 83' lang='lat' dir='ltr'>seq.</span> <span class='ocrx_word' id='word_1_86' title='bbox 453 859 631 896; x_wconf 65' lang='lat' dir='ltr'>Natalem</span> <span class='ocrx_word' id='word_1_87' title='bbox 657 859 769 897; x_wconf 78' lang='lat' dir='ltr'>Alex.</span> <span class='ocrx_word' id='word_1_88' title='bbox 791 863 883 896; x_wconf 89' lang='lat' dir='ltr'>tom.</span> <span class='ocrx_word' id='word_1_89' title='bbox 910 857 944 895; x_wconf 91' lang='lat'>7.</span> <span class='ocrx_word' id='word_1_90' title='bbox 964 858 1054 895; x_wconf 89' lang='lat' dir='ltr'>hist.</span> 
     </span>
     <span class='ocr_line' id='line_1_15' title="bbox 104 918 1059 970; baseline 0.001 -14"><span class='ocrx_word' id='word_1_91' title='bbox 104 921 142 956; x_wconf 93' lang='lat' dir='ltr'>in</span> <span class='ocrx_word' id='word_1_92' title='bbox 170 920 231 957; x_wconf 86' lang='lat' dir='ltr'>fol.</span> <span class='ocrx_word' id='word_1_93' title='bbox 260 930 343 970; x_wconf 87' lang='lat' dir='ltr'>pag.</span> <span class='ocrx_word' id='word_1_94' title='bbox 369 918 431 957; x_wconf 87' lang='grc'>77.</span> <span class='ocrx_word' id='word_1_95' title='bbox 464 925 503 957; x_wconf 85' lang='lat' dir='ltr'>et</span> <span class='ocrx_word' id='word_1_96' title='bbox 540 921 627 959; x_wconf 81' lang='lat'>334.</span> <span class='ocrx_word' id='word_1_97' title='bbox 659 921 920 958; x_wconf 90' lang='lat' dir='ltr'>Franciscum</span> <span class='ocrx_word' id='word_1_98' title='bbox 945 920 1059 957; x_wconf 88' lang='lat' dir='ltr'>Biva-</span> 
     </span>
     <span class='ocr_line' id='line_1_16' title="bbox 106 981 1057 1032; baseline 0.001 -14"><span class='ocrx_word' id='word_1_99' title='bbox 106 983 206 1019; x_wconf 86' lang='lat' dir='ltr'>rium</span> <span class='ocrx_word' id='word_1_100' title='bbox 229 982 266 1018; x_wconf 92' lang='lat' dir='ltr'>in</span> <span class='ocrx_word' id='word_1_101' title='bbox 289 981 462 1031; x_wconf 77' lang='lat' dir='ltr'>apologia</span> <span class='ocrx_word' id='word_1_102' title='bbox 483 993 551 1032; x_wconf 90' lang='lat' dir='ltr'>pro</span> <span class='ocrx_word' id='word_1_103' title='bbox 581 982 793 1028; x_wconf 70' lang='lat' dir='ltr'>joachimo,</span> <span class='ocrx_word' id='word_1_104' title='bbox 823 982 860 1017; x_wconf 95' lang='lat' dir='ltr'>in</span> <span class='ocrx_word' id='word_1_105' title='bbox 886 982 989 1018; x_wconf 84' lang='lat' dir='ltr'>notis</span> <span class='ocrx_word' id='word_1_106' title='bbox 1010 981 1057 1019; x_wconf 90' lang='lat' dir='ltr'>ad</span> 
     </span>
     <span class='ocr_line' id='line_1_17' title="bbox 103 1042 1057 1092; baseline -0.002 -11"><span class='ocrx_word' id='word_1_107' title='bbox 103 1042 254 1092; x_wconf 79' lang='lat' dir='ltr'>pseudo</span> <span class='ocrx_word' id='word_1_108' title='bbox 291 1042 484 1080; x_wconf 83' lang='lat' dir='ltr'>Dextrum</span> <span class='ocrx_word' id='word_1_109' title='bbox 523 1054 606 1092; x_wconf 86' lang='lat' dir='ltr'>pag.</span> <span class='ocrx_word' id='word_1_110' title='bbox 639 1042 706 1081; x_wconf 92' lang='lat'>464</span> <span class='ocrx_word' id='word_1_111' title='bbox 739 1053 822 1091; x_wconf 91' lang='lat' dir='ltr'>seq.</span> <span class='ocrx_word' id='word_1_112' title='bbox 847 1046 988 1079; x_wconf 86' lang='lat' dir='ltr'>contra</span> <span class='ocrx_word' id='word_1_113' title='bbox 1012 1052 1057 1079; x_wconf 81' lang='lat' dir='ltr'>ea</span> 
     </span>
     <span class='ocr_line' id='line_1_18' title="bbox 103 1104 1054 1154; baseline -0.001 -12"><span class='ocrx_word' id='word_1_114' title='bbox 103 1116 204 1153; x_wconf 88' lang='lat' dir='ltr'>quae</span> <span class='ocrx_word' id='word_1_115' title='bbox 233 1105 389 1142; x_wconf 86' lang='lat' dir='ltr'>Gabriel</span> <span class='ocrx_word' id='word_1_116' title='bbox 420 1107 620 1142; x_wconf 85' lang='lat' dir='ltr'>Pennotus</span> <span class='ocrx_word' id='word_1_117' title='bbox 656 1115 741 1154; x_wconf 86' lang='lat' dir='ltr'>pag.</span> <span class='ocrx_word' id='word_1_118' title='bbox 784 1105 859 1142; x_wconf 92' lang='lat'>468</span> <span class='ocrx_word' id='word_1_119' title='bbox 889 1109 928 1142; x_wconf 88' lang='lat' dir='ltr'>et</span> <span class='ocrx_word' id='word_1_120' title='bbox 966 1104 1054 1142; x_wconf 73' lang='lat'>243.</span> 
     </span>
     <span class='ocr_line' id='line_1_19' title="bbox 100 1165 1056 1215; baseline -0.001 -12"><span class='ocrx_word' id='word_1_121' title='bbox 100 1171 175 1203; x_wconf 85' lang='lat' dir='ltr'>etc.</span> <span class='ocrx_word' id='word_1_122' title='bbox 205 1167 337 1204; x_wconf 81' lang='lat' dir='ltr'>Vitam</span> <span class='ocrx_word' id='word_1_123' title='bbox 368 1171 407 1203; x_wconf 91' lang='lat' dir='ltr'>et</span> <span class='ocrx_word' id='word_1_124' title='bbox 428 1167 694 1204; x_wconf 85' lang='lat' dir='ltr'>vaticinorum</span> <span class='ocrx_word' id='word_1_125' title='bbox 719 1165 908 1203; x_wconf 84' lang='lat' dir='ltr'>Joachimi</span> <span class='ocrx_word' id='word_1_126' title='bbox 934 1166 1056 1215; x_wconf 81' lang='lat' dir='ltr'>expli—</span> 
     </span>
     <span class='ocr_line' id='line_1_20' title="bbox 101 1225 1055 1276; baseline 0 -12"><span class='ocrx_word' id='word_1_127' title='bbox 101 1228 296 1265; x_wconf 87' lang='lat' dir='ltr'>cationem</span> <span class='ocrx_word' id='word_1_128' title='bbox 328 1228 486 1276; x_wconf 80' lang='lat' dir='ltr'>scripsit</span> <span class='ocrx_word' id='word_1_129' title='bbox 514 1226 688 1265; x_wconf 80' lang='lat' dir='ltr'>Leander</span> <span class='ocrx_word' id='word_1_130' title='bbox 711 1225 898 1264; x_wconf 75' lang='lat' dir='ltr'>Albertus</span> <span class='ocrx_word' id='word_1_131' title='bbox 932 1229 1055 1264; x_wconf 88' lang='lat' dir='ltr'>Bono-</span> 
     </span>
     <span class='ocr_line' id='line_1_21' title="bbox 102 1288 1053 1338; baseline 0.001 -13"><span class='ocrx_word' id='word_1_132' title='bbox 102 1289 271 1335; x_wconf 88' lang='lat' dir='ltr'>niensis,</span> <span class='ocrx_word' id='word_1_133' title='bbox 313 1300 431 1338; x_wconf 86' lang='lat' dir='ltr'>quam</span> <span class='ocrx_word' id='word_1_134' title='bbox 462 1289 608 1326; x_wconf 80' lang='lat' dir='ltr'>MStam</span> <span class='ocrx_word' id='word_1_135' title='bbox 641 1290 797 1326; x_wconf 88' lang='lat' dir='ltr'>Parisiis</span> <span class='ocrx_word' id='word_1_136' title='bbox 827 1289 864 1325; x_wconf 94' lang='lat' dir='ltr'>in</span> <span class='ocrx_word' id='word_1_137' title='bbox 895 1288 1053 1326; x_wconf 87' lang='lat' dir='ltr'>Colber-</span> 
     </span>
     <span class='ocr_line' id='line_1_22' title="bbox 101 1349 1054 1387; baseline 0 -1"><span class='ocrx_word' id='word_1_138' title='bbox 101 1351 184 1387; x_wconf 86' lang='lat' dir='ltr'>tina</span> <span class='ocrx_word' id='word_1_139' title='bbox 214 1354 406 1387; x_wconf 86' lang='lat' dir='ltr'>memorat</span> <span class='ocrx_word' id='word_1_140' title='bbox 432 1349 601 1387; x_wconf 87' lang='lat' dir='ltr'>Jacobus</span> <span class='ocrx_word' id='word_1_141' title='bbox 644 1349 854 1387; x_wconf 86' lang='lat' dir='ltr'>Echardus</span> <span class='ocrx_word' id='word_1_142' title='bbox 889 1354 982 1387; x_wconf 87' lang='lat' dir='ltr'>tom.</span> <span class='ocrx_word' id='word_1_143' title='bbox 1016 1350 1054 1386; x_wconf 67' lang='grc' dir='ltr'>Ξ.</span> 
     </span>
     <span class='ocr_line' id='line_1_23' title="bbox 103 1410 1047 1460; baseline 0 -13"><span class='ocrx_word' id='word_1_144' title='bbox 103 1410 151 1447; x_wconf 90' lang='lat' dir='ltr'>de</span> <span class='ocrx_word' id='word_1_145' title='bbox 181 1411 437 1460; x_wconf 82' lang='lat' dir='ltr'>scriptoribus</span> <span class='ocrx_word' id='word_1_146' title='bbox 466 1411 732 1448; x_wconf 85' lang='lat' dir='ltr'>Dominicanis</span> <span class='ocrx_word' id='word_1_147' title='bbox 769 1422 853 1460; x_wconf 87' lang='lat' dir='ltr'>pag.</span> <span class='ocrx_word' id='word_1_148' title='bbox 882 1412 967 1448; x_wconf 88' lang='lat'>438.</span> <span class='ocrx_word' id='word_1_149' title='bbox 1005 1411 1047 1447; x_wconf 91' lang='lat' dir='ltr'>In</span> 
     </span>
     <span class='ocr_line' id='line_1_24' title="bbox 101 1471 1053 1519; baseline 0.002 -13"><span class='ocrx_word' id='word_1_150' title='bbox 101 1473 264 1509; x_wconf 86' lang='lat' dir='ltr'>Joannis</span> <span class='ocrx_word' id='word_1_151' title='bbox 305 1472 431 1509; x_wconf 83' lang='lat' dir='ltr'>Wolfii</span> <span class='ocrx_word' id='word_1_152' title='bbox 462 1471 696 1508; x_wconf 88' lang='lat' dir='ltr'>lectionibus</span> <span class='ocrx_word' id='word_1_153' title='bbox 728 1473 760 1519; x_wconf 72' lang='lat' dir='ltr'>a)</span> <span class='ocrx_word' id='word_1_154' title='bbox 792 1472 1053 1509; x_wconf 89' lang='lat' dir='ltr'>memorabili-</span> 
     </span>
     <span class='ocr_line' id='line_1_25' title="bbox 101 1533 1052 1582; baseline 0 -12"><span class='ocrx_word' id='word_1_155' title='bbox 101 1533 175 1571; x_wconf 90' lang='lat' dir='ltr'>bus</span> <span class='ocrx_word' id='word_1_156' title='bbox 204 1537 295 1571; x_wconf 84' lang='lat' dir='ltr'>tom.</span> <span class='ocrx_word' id='word_1_157' title='bbox 329 1535 362 1571; x_wconf 88' lang='lat'>4.</span> <span class='ocrx_word' id='word_1_158' title='bbox 392 1543 477 1582; x_wconf 90' lang='lat' dir='ltr'>pag.</span> <span class='ocrx_word' id='word_1_159' title='bbox 510 1533 584 1569; x_wconf 84' lang='lat'>446</span> <span class='ocrx_word' id='word_1_160' title='bbox 617 1533 691 1570; x_wconf 87' lang='lat'>458</span> <span class='ocrx_word' id='word_1_161' title='bbox 726 1538 887 1571; x_wconf 80' lang='lat' dir='ltr'>exstant</span> <span class='ocrx_word' id='word_1_162' title='bbox 916 1533 1052 1570; x_wconf 79' lang='lat' dir='ltr'>vatici-</span> 
     </span>
     <span class='ocr_line' id='line_1_26' title="bbox 99 1593 1053 1641; baseline 0.001 -10"><span class='ocrx_word' id='word_1_163' title='bbox 99 1606 166 1631; x_wconf 78' lang='lat' dir='ltr'>ma</span> <span class='ocrx_word' id='word_1_164' title='bbox 189 1594 293 1632; x_wconf 79' lang='lat' dir='ltr'>XXX.</span> <span class='ocrx_word' id='word_1_165' title='bbox 319 1594 367 1631; x_wconf 90' lang='lat' dir='ltr'>de</span> <span class='ocrx_word' id='word_1_166' title='bbox 398 1593 652 1632; x_wconf 79' lang='lat' dir='ltr'>Pontificibus</span> <span class='ocrx_word' id='word_1_167' title='bbox 677 1594 875 1641; x_wconf 85' lang='lat' dir='ltr'>Romanis,</span> <span class='ocrx_word' id='word_1_168' title='bbox 897 1606 917 1631; x_wconf 89' lang='lat' dir='ltr'>a</span> <span class='ocrx_word' id='word_1_169' title='bbox 943 1595 1053 1632; x_wconf 63' lang='lat' dir='ltr'>Nico-</span> 
     </span>
     <span class='ocr_line' id='line_1_27' title="bbox 99 1655 1049 1704; baseline -0.002 -10"><span class='ocrx_word' id='word_1_170' title='bbox 99 1657 158 1694; x_wconf 94' lang='lat' dir='ltr'>lao</span> <span class='ocrx_word' id='word_1_171' title='bbox 193 1657 256 1694; x_wconf 89' lang='lat' dir='ltr'>Ill.</span> <span class='ocrx_word' id='word_1_172' title='bbox 292 1655 340 1693; x_wconf 90' lang='lat' dir='ltr'>ad</span> <span class='ocrx_word' id='word_1_173' title='bbox 378 1656 651 1693; x_wconf 86' lang='lat' dir='ltr'>Innocentium</span> <span class='ocrx_word' id='word_1_174' title='bbox 684 1656 780 1693; x_wconf 84' lang='lat' dir='ltr'>Vlll.</span> <span class='ocrx_word' id='word_1_175' title='bbox 813 1656 848 1702; x_wconf 85' lang='lat' dir='ltr'>b)</span> <span class='ocrx_word' id='word_1_176' title='bbox 882 1666 1049 1704; x_wconf 89' lang='lat' dir='ltr'>quorum</span> 
     </span>
     <span class='ocr_line' id='line_1_28' title="bbox 96 1716 1051 1768; baseline -0.002 -12"><span class='ocrx_word' id='word_1_177' title='bbox 96 1722 249 1768; x_wconf 84' lang='lat' dir='ltr'>partem</span> <span class='ocrx_word' id='word_1_178' title='bbox 272 1717 503 1756; x_wconf 80' lang='lat' dir='ltr'>ANSELMO</span> <span class='ocrx_word' id='word_1_179' title='bbox 523 1716 748 1755; x_wconf 83' lang='lat' dir='ltr'>Marsicano</span> <span class='ocrx_word' id='word_1_180' title='bbox 772 1717 849 1764; x_wconf 90' lang='lat' dir='ltr'>alii,</span> <span class='ocrx_word' id='word_1_181' title='bbox 877 1717 939 1755; x_wconf 92' lang='lat' dir='ltr'>alii</span> <span class='ocrx_word' id='word_1_182' title='bbox 966 1719 1051 1756; x_wconf 89' lang='lat' dir='ltr'>uni-</span> 
     </span>
     <span class='ocr_line' id='line_1_29' title="bbox 97 1779 1047 1825; baseline 0.002 -10"><span class='ocrx_word' id='word_1_183' title='bbox 97 1790 214 1817; x_wconf 88' lang='lat' dir='ltr'>versa</span> <span class='ocrx_word' id='word_1_184' title='bbox 238 1779 439 1817; x_wconf 76' lang='lat' dir='ltr'>Joachimo</span> <span class='ocrx_word' id='word_1_185' title='bbox 460 1779 653 1825; x_wconf 88' lang='lat' dir='ltr'>tribuunt,</span> <span class='ocrx_word' id='word_1_186' title='bbox 678 1789 752 1816; x_wconf 87' lang='lat' dir='ltr'>una</span> <span class='ocrx_word' id='word_1_187' title='bbox 769 1789 860 1816; x_wconf 90' lang='lat' dir='ltr'>cum</span> <span class='ocrx_word' id='word_1_188' title='bbox 882 1779 1047 1817; x_wconf 85' lang='lat' dir='ltr'>totidem</span> 
     </span>
     <span class='ocr_line' id='line_1_30' title="bbox 98 1839 1050 1891; baseline 0.002 -14"><span class='ocrx_word' id='word_1_189' title='bbox 98 1840 345 1890; x_wconf 77' lang='lat' dir='ltr'>imaginibus,</span> <span class='ocrx_word' id='word_1_190' title='bbox 371 1840 474 1889; x_wconf 92' lang='lat' dir='ltr'>ligno</span> <span class='ocrx_word' id='word_1_191' title='bbox 498 1839 721 1889; x_wconf 78' lang='lat' dir='ltr'>descriptis.</span> <span class='ocrx_word' id='word_1_192' title='bbox 752 1840 940 1889; x_wconf 86' lang='lat' dir='ltr'>Sequitur</span> <span class='ocrx_word' id='word_1_193' title='bbox 964 1853 1050 1891; x_wconf 86' lang='lat' dir='ltr'>pag.</span> 
     </span>
     <span class='ocr_line' id='line_1_31' title="bbox 100 1901 1052 1951; baseline 0.002 -13"><span class='ocrx_word' id='word_1_194' title='bbox 100 1901 189 1939; x_wconf 83' lang='lat'>459.</span> <span class='ocrx_word' id='word_1_195' title='bbox 225 1901 408 1951; x_wconf 76' lang='lat' dir='ltr'>(praefixa</span> <span class='ocrx_word' id='word_1_196' title='bbox 445 1902 562 1939; x_wconf 89' lang='lat' dir='ltr'>etiam</span> <span class='ocrx_word' id='word_1_197' title='bbox 596 1903 678 1950; x_wconf 89' lang='lat' dir='ltr'>ipso</span> <span class='ocrx_word' id='word_1_198' title='bbox 709 1902 746 1938; x_wconf 90' lang='lat' dir='ltr'>in</span> <span class='ocrx_word' id='word_1_199' title='bbox 777 1902 890 1940; x_wconf 84' lang='lat' dir='ltr'>titulo</span> <span class='ocrx_word' id='word_1_200' title='bbox 920 1902 1052 1940; x_wconf 89' lang='lat' dir='ltr'>lectio-</span> 
     </span>
     <span class='ocr_line' id='line_1_32' title="bbox 100 1962 1050 2011; baseline 0.002 -11"><span class='ocrx_word' id='word_1_201' title='bbox 100 1974 195 2001; x_wconf 85' lang='lat' dir='ltr'>num</span> <span class='ocrx_word' id='word_1_202' title='bbox 239 1963 378 2011; x_wconf 74' lang='lat' dir='ltr'>Wolfii‘)</span> <span class='ocrx_word' id='word_1_203' title='bbox 410 1962 601 2000; x_wconf 85' lang='lat' dir='ltr'>Joachimi</span> <span class='ocrx_word' id='word_1_204' title='bbox 641 1964 739 2001; x_wconf 79' lang='lat' dir='ltr'>Rota</span> <span class='ocrx_word' id='word_1_205' title='bbox 768 1974 789 2000; x_wconf 90' lang='lat' dir='ltr'>a</span> <span class='ocrx_word' id='word_1_206' title='bbox 819 1964 883 2000; x_wconf 90' lang='lat' dir='ltr'>Pio</span> <span class='ocrx_word' id='word_1_207' title='bbox 914 1964 974 2001; x_wconf 88' lang='lat' dir='ltr'>IV.</span> <span class='ocrx_word' id='word_1_208' title='bbox 1009 1968 1050 2002; x_wconf 90' lang='lat' dir='ltr'>ut</span> 
     </span>
     <span class='ocr_line' id='line_1_33' title="bbox 95 2024 1051 2075; baseline 0.001 -13"><span class='ocrx_word' id='word_1_209' title='bbox 95 2024 218 2074; x_wconf 89' lang='lat' dir='ltr'>ajunt,</span> <span class='ocrx_word' id='word_1_210' title='bbox 252 2026 288 2061; x_wconf 92' lang='lat' dir='ltr'>in</span> <span class='ocrx_word' id='word_1_211' title='bbox 313 2024 414 2062; x_wconf 91' lang='lat' dir='ltr'>Solis</span> <span class='ocrx_word' id='word_1_212' title='bbox 439 2029 478 2061; x_wconf 90' lang='lat' dir='ltr'>et</span> <span class='ocrx_word' id='word_1_213' title='bbox 504 2025 634 2062; x_wconf 86' lang='lat' dir='ltr'>Lunae</span> <span class='ocrx_word' id='word_1_214' title='bbox 661 2025 829 2075; x_wconf 87' lang='lat' dir='ltr'>imagine</span> <span class='ocrx_word' id='word_1_215' title='bbox 859 2026 1051 2075; x_wconf 86' lang='lat' dir='ltr'>incipiens</span> 
     </span>
     <span class='ocr_line' id='line_1_34' title="bbox 99 2085 1051 2136; baseline 0.001 -13"><span class='ocrx_word' id='word_1_216' title='bbox 99 2091 137 2123; x_wconf 88' lang='lat' dir='ltr'>et</span> <span class='ocrx_word' id='word_1_217' title='bbox 167 2086 299 2123; x_wconf 82' lang='lat' dir='ltr'>futura</span> <span class='ocrx_word' id='word_1_218' title='bbox 328 2085 376 2123; x_wconf 90' lang='lat' dir='ltr'>de</span> <span class='ocrx_word' id='word_1_219' title='bbox 415 2085 669 2124; x_wconf 81' lang='lat' dir='ltr'>Pontificibus</span> <span class='ocrx_word' id='word_1_220' title='bbox 704 2086 942 2136; x_wconf 80' lang='lat' dir='ltr'>significans.</span> <span class='ocrx_word' id='word_1_221' title='bbox 976 2088 1051 2125; x_wconf 88' lang='lat' dir='ltr'>Pa-</span> 
     </span>
     <span class='ocr_line' id='line_1_35' title="bbox 95 2145 1049 2197; baseline 0.003 -13"><span class='ocrx_word' id='word_1_222' title='bbox 95 2145 264 2185; x_wconf 82' lang='lat' dir='ltr'>schalini</span> <span class='ocrx_word' id='word_1_223' title='bbox 301 2145 511 2197; x_wconf 71' lang='lat' dir='ltr'>Reyiselmi</span> <span class='ocrx_word' id='word_1_224' title='bbox 549 2149 860 2197; x_wconf 74' lang='lat' dir='ltr'>annotationes,</span> <span class='ocrx_word' id='word_1_225' title='bbox 905 2149 1049 2197; x_wconf 90' lang='lat' dir='ltr'>quibus</span> 
     </span>
     <span class='ocr_line' id='line_1_36' title="bbox 95 2208 1044 2259; baseline 0.001 -13"><span class='ocrx_word' id='word_1_226' title='bbox 95 2208 241 2258; x_wconf 84' lang='lat' dir='ltr'>figurae</span> <span class='ocrx_word' id='word_1_227' title='bbox 271 2210 462 2258; x_wconf 72' lang='lat' dir='ltr'>mysticae</span> <span class='ocrx_word' id='word_1_228' title='bbox 485 2210 700 2258; x_wconf 81' lang='lat' dir='ltr'>imaginum</span> <span class='ocrx_word' id='word_1_229' title='bbox 725 2210 975 2259; x_wconf 79' lang='lat' dir='ltr'>explicantur</span> <span class='ocrx_word' id='word_1_230' title='bbox 996 2222 1044 2247; x_wconf 84' lang='lat' dir='ltr'>ex</span> 
     </span>
     <span class='ocr_line' id='line_1_37' title="bbox 95 2270 1046 2323; baseline 0 -15"><span class='ocrx_word' id='word_1_231' title='bbox 95 2270 186 2308; x_wconf 87' lang='lat' dir='ltr'>edit.</span> <span class='ocrx_word' id='word_1_232' title='bbox 216 2271 354 2308; x_wconf 73' lang='lat' dir='ltr'>Venet.</span> <span class='ocrx_word' id='word_1_233' title='bbox 387 2271 487 2309; x_wconf 86' lang='lat'>4589</span> <span class='ocrx_word' id='word_1_234' title='bbox 513 2282 599 2320; x_wconf 89' lang='lat' dir='ltr'>pag.</span> <span class='ocrx_word' id='word_1_235' title='bbox 623 2272 696 2309; x_wconf 85' lang='lat'>459</span> <span class='ocrx_word' id='word_1_236' title='bbox 724 2272 797 2309; x_wconf 88' lang='lat'>466</span> <span class='ocrx_word' id='word_1_237' title='bbox 827 2271 1046 2323; x_wconf 83' lang='lat' dir='ltr'>Theophra-</span> 
     </span>
     <span class='ocr_line' id='line_1_38' title="bbox 96 2329 1045 2379; baseline 0.001 -11"><span class='ocrx_word' id='word_1_238' title='bbox 96 2333 154 2368; x_wconf 83' lang='lat' dir='ltr'>sto</span> <span class='ocrx_word' id='word_1_239' title='bbox 194 2329 403 2368; x_wconf 85' lang='lat' dir='ltr'>Paraeelso</span> <span class='ocrx_word' id='word_1_240' title='bbox 433 2331 603 2369; x_wconf 84' lang='lat' dir='ltr'>tributae</span> <span class='ocrx_word' id='word_1_241' title='bbox 641 2337 756 2370; x_wconf 83' lang='lat' dir='ltr'>notae</span> <span class='ocrx_word' id='word_1_242' title='bbox 776 2363 786 2379; x_wconf 90' lang='lat'>,</span> <span class='ocrx_word' id='word_1_243' title='bbox 818 2344 910 2371; x_wconf 88' lang='lat' dir='ltr'>cum</span> <span class='ocrx_word' id='word_1_244' title='bbox 944 2334 1045 2370; x_wconf 86' lang='lat' dir='ltr'>notis</span> 
     </span>
     <span class='ocr_line' id='line_1_39' title="bbox 99 2391 1048 2443; baseline 0.002 -14"><span class='ocrx_word' id='word_1_245' title='bbox 99 2391 382 2440; x_wconf 87' lang='lat' dir='ltr'>marginalibus</span> <span class='ocrx_word' id='word_1_246' title='bbox 410 2391 555 2429; x_wconf 75' lang='lat' dir='ltr'>Aclamz&#39;</span> <span class='ocrx_word' id='word_1_247' title='bbox 581 2392 786 2430; x_wconf 79' lang='lat' dir='ltr'>Durischu&#39;</span> <span class='ocrx_word' id='word_1_248' title='bbox 820 2395 1048 2443; x_wconf 82' lang='lat' dir='ltr'>interpretis</span> 
     </span>
     <span class='ocr_line' id='line_1_40' title="bbox 103 2452 1051 2503; baseline 0.003 -14"><span class='ocrx_word' id='word_1_249' title='bbox 103 2464 188 2503; x_wconf 89' lang='lat' dir='ltr'>pag.</span> <span class='ocrx_word' id='word_1_250' title='bbox 222 2452 294 2489; x_wconf 90' lang='grc'>466</span> <span class='ocrx_word' id='word_1_251' title='bbox 327 2453 400 2490; x_wconf 85' lang='grc'>483</span> <span class='ocrx_word' id='word_1_252' title='bbox 431 2452 717 2491; x_wconf 85' lang='lat' dir='ltr'>Annotationes</span> <span class='ocrx_word' id='word_1_253' title='bbox 736 2454 896 2492; x_wconf 80' lang='lat' dir='ltr'>Joannis</span> <span class='ocrx_word' id='word_1_254' title='bbox 922 2454 1051 2492; x_wconf 78' lang='lat' dir='ltr'>Adra—</span> 
     </span>
     <span class='ocr_line' id='line_1_41' title="bbox 104 2513 1052 2563; baseline 0.003 -12"><span class='ocrx_word' id='word_1_255' title='bbox 104 2513 196 2551; x_wconf 79' lang='lat' dir='ltr'>sder</span> <span class='ocrx_word' id='word_1_256' title='bbox 219 2524 305 2562; x_wconf 89' lang='lat' dir='ltr'>pag.</span> <span class='ocrx_word' id='word_1_257' title='bbox 338 2513 410 2551; x_wconf 89' lang='lat'>483</span> <span class='ocrx_word' id='word_1_258' title='bbox 438 2514 523 2551; x_wconf 88' lang='lat'>488.</span> <span class='ocrx_word' id='word_1_259' title='bbox 554 2514 786 2563; x_wconf 73' lang='lat' dir='ltr'>Explanatio</span> <span class='ocrx_word' id='word_1_260' title='bbox 815 2514 938 2553; x_wconf 81' lang='lat' dir='ltr'>Pauli</span> <span class='ocrx_word' id='word_1_261' title='bbox 957 2517 1052 2554; x_wconf 83' lang='lat' dir='ltr'>Sca-</span> 
     </span>
     <span class='ocr_line' id='line_1_42' title="bbox 102 2573 1048 2627; baseline 0.004 -16"><span class='ocrx_word' id='word_1_262' title='bbox 102 2574 217 2624; x_wconf 72' lang='lat' dir='ltr'>liyeri</span> <span class='ocrx_word' id='word_1_263' title='bbox 240 2575 324 2612; x_wconf 89' lang='lat' dir='ltr'>sive</span> <span class='ocrx_word' id='word_1_264' title='bbox 354 2573 399 2612; x_wconf 84' lang='lat' dir='ltr'>de</span> <span class='ocrx_word' id='word_1_265' title='bbox 428 2573 572 2622; x_wconf 82' lang='lat' dir='ltr'>Scala,</span> <span class='ocrx_word' id='word_1_266' title='bbox 613 2577 817 2613; x_wconf 88' lang='lat' dir='ltr'>Paracelso</span> <span class='ocrx_word' id='word_1_267' title='bbox 846 2578 1021 2627; x_wconf 88' lang='lat' dir='ltr'>opposita</span> <span class='ocrx_word' id='word_1_268' title='bbox 1040 2606 1048 2621; x_wconf 79' lang='lat'>,</span> 
     </span>
     <span class='ocr_line' id='line_1_43' title="bbox 97 2635 1046 2686; baseline 0.004 -13"><span class='ocrx_word' id='word_1_269' title='bbox 97 2635 238 2686; x_wconf 86' lang='lat' dir='ltr'>prodiit</span> <span class='ocrx_word' id='word_1_270' title='bbox 267 2646 357 2673; x_wconf 90' lang='lat' dir='ltr'>cum</span> <span class='ocrx_word' id='word_1_271' title='bbox 388 2636 474 2674; x_wconf 88' lang='lat' dir='ltr'>aliis</span> <span class='ocrx_word' id='word_1_272' title='bbox 503 2636 588 2685; x_wconf 85' lang='lat' dir='ltr'>ejus</span> <span class='ocrx_word' id='word_1_273' title='bbox 613 2638 772 2686; x_wconf 89' lang='lat' dir='ltr'>scriptis</span> <span class='ocrx_word' id='word_1_274' title='bbox 791 2638 925 2676; x_wconf 88' lang='lat' dir='ltr'>Colon.</span> <span class='ocrx_word' id='word_1_275' title='bbox 946 2639 1046 2677; x_wconf 88' lang='lat'>4570</span> 
     </span>
     <span class='ocr_line' id='line_1_44' title="bbox 104 2696 1047 2749; baseline 0.005 -16"><span class='ocrx_word' id='word_1_276' title='bbox 104 2699 139 2734; x_wconf 88' lang='grc'>4.</span> <span class='ocrx_word' id='word_1_277' title='bbox 166 2696 271 2734; x_wconf 87' lang='lat' dir='ltr'>unde</span> <span class='ocrx_word' id='word_1_278' title='bbox 301 2696 594 2736; x_wconf 86' lang='lat' dir='ltr'>emendandum</span> <span class='ocrx_word' id='word_1_279' title='bbox 612 2729 622 2745; x_wconf 92' lang='lat'>,</span> <span class='ocrx_word' id='word_1_280' title='bbox 648 2699 713 2736; x_wconf 91' lang='lat' dir='ltr'>ubi</span> <span class='ocrx_word' id='word_1_281' title='bbox 737 2698 934 2749; x_wconf 85' lang='lat' dir='ltr'>Josephus</span> <span class='ocrx_word' id='word_1_282' title='bbox 955 2700 1047 2738; x_wconf 87' lang='lat' dir='ltr'>Sca-</span> 
     </span>
     <span class='ocr_line' id='line_1_45' title="bbox 97 2757 1048 2808; baseline 0.004 -13"><span class='ocrx_word' id='word_1_283' title='bbox 97 2759 194 2808; x_wconf 88' lang='lat' dir='ltr'>liger</span> <span class='ocrx_word' id='word_1_284' title='bbox 222 2757 411 2795; x_wconf 89' lang='lat' dir='ltr'>Joachimi</span> <span class='ocrx_word' id='word_1_285' title='bbox 453 2760 636 2797; x_wconf 86' lang='lat' dir='ltr'>vaticinia</span> <span class='ocrx_word' id='word_1_286' title='bbox 679 2760 899 2798; x_wconf 87' lang='lat' dir='ltr'>illustrasse</span> <span class='ocrx_word' id='word_1_287' title='bbox 929 2761 1048 2799; x_wconf 87' lang='lat' dir='ltr'>tradi-</span> 
     </span>
     <span class='ocr_line' id='line_1_46' title="bbox 95 2817 1046 2871; baseline 0.004 -15"><span class='ocrx_word' id='word_1_288' title='bbox 95 2824 171 2856; x_wconf 91' lang='lat' dir='ltr'>tur.</span> <span class='ocrx_word' id='word_1_289' title='bbox 222 2817 356 2856; x_wconf 82' lang='lat' dir='ltr'>Italice</span> <span class='ocrx_word' id='word_1_290' title='bbox 398 2821 555 2869; x_wconf 89' lang='lat' dir='ltr'>saepius</span> <span class='ocrx_word' id='word_1_291' title='bbox 596 2820 781 2859; x_wconf 88' lang='lat' dir='ltr'>viderunt</span> <span class='ocrx_word' id='word_1_292' title='bbox 811 2822 968 2871; x_wconf 84' lang='lat' dir='ltr'>lucem,</span> <span class='ocrx_word' id='word_1_293' title='bbox 1002 2829 1046 2862; x_wconf 86' lang='lat' dir='ltr'>ut</span> 
     </span>
     <span class='ocr_line' id='line_1_47' title="bbox 96 2880 1048 2922; baseline 0.004 -4"><span class='ocrx_word' id='word_1_294' title='bbox 96 2881 233 2918; x_wconf 83' lang='lat' dir='ltr'>Venet.</span> <span class='ocrx_word' id='word_1_295' title='bbox 260 2880 360 2918; x_wconf 90' lang='grc'>4589</span> <span class='ocrx_word' id='word_1_296' title='bbox 384 2880 486 2919; x_wconf 90' lang='grc'>4600</span> <span class='ocrx_word' id='word_1_297' title='bbox 508 2882 607 2919; x_wconf 82' lang='grc'>4646</span> <span class='ocrx_word' id='word_1_298' title='bbox 632 2881 667 2919; x_wconf 79' lang='lat'>4.</span> <span class='ocrx_word' id='word_1_299' title='bbox 689 2883 744 2919; x_wconf 88' lang='lat' dir='ltr'>De</span> <span class='ocrx_word' id='word_1_300' title='bbox 766 2883 960 2922; x_wconf 88' lang='lat' dir='ltr'>similibus</span> <span class='ocrx_word' id='word_1_301' title='bbox 979 2895 1048 2922; x_wconf 83' lang='lat' dir='ltr'>va-</span> 
     </span>
     <span class='ocr_line' id='line_1_48' title="bbox 98 2941 934 2982; baseline 0.004 -3"><span class='ocrx_word' id='word_1_302' title='bbox 98 2942 241 2979; x_wconf 87' lang='lat' dir='ltr'>ticiniis</span> <span class='ocrx_word' id='word_1_303' title='bbox 271 2941 369 2978; x_wconf 88' lang='lat' dir='ltr'>infra</span> <span class='ocrx_word' id='word_1_304' title='bbox 399 2943 436 2978; x_wconf 90' lang='lat' dir='ltr'>in</span> <span class='ocrx_word' id='word_1_305' title='bbox 467 2942 720 2981; x_wconf 76' lang='lat' dir='ltr'><strong>MALACHIA</strong></span> <span class='ocrx_word' id='word_1_306' title='bbox 755 2944 934 2982; x_wconf 89' lang='lat' dir='ltr'>Hiberno.</span> 
     </span>
    </p>
   </div>
   <div class='ocr_carea' id='block_1_3' title="bbox 96 3035 1049 3175">
    <p class='ocr_par' dir='ltr' id='par_1_3' title="bbox 96 3035 1049 3175">
     <span class='ocr_line' id='line_1_49' title="bbox 153 3035 1049 3076; baseline 0.009 -12"><span class='ocrx_word' id='word_1_307' title='bbox 153 3036 184 3071; x_wconf 68' lang='lat' dir='ltr'>a]</span> <span class='ocrx_word' id='word_1_308' title='bbox 209 3036 318 3065; x_wconf 84' lang='lat' dir='ltr'>Prima</span> <span class='ocrx_word' id='word_1_309' title='bbox 334 3035 434 3070; x_wconf 75' lang='lat' dir='ltr'>editio</span> <span class='ocrx_word' id='word_1_310' title='bbox 453 3036 577 3074; x_wconf 87' lang='lat' dir='ltr'>prodiit</span> <span class='ocrx_word' id='word_1_311' title='bbox 592 3039 755 3076; x_wconf 77' lang='lat' dir='ltr'>Lavingae</span> <span class='ocrx_word' id='word_1_312' title='bbox 770 3041 806 3067; x_wconf 83' lang='lat' dir='ltr'>A.</span> <span class='ocrx_word' id='word_1_313' title='bbox 824 3037 913 3069; x_wconf 86' lang='grc'>1600.</span> <span class='ocrx_word' id='word_1_314' title='bbox 929 3047 1049 3071; x_wconf 88' lang='lat' dir='ltr'>secun·</span> 
     </span>
     <span class='ocr_line' id='line_1_50' title="bbox 96 3082 504 3121; baseline 0 -6"><span class='ocrx_word' id='word_1_315' title='bbox 96 3086 135 3115; x_wconf 77' lang='lat' dir='ltr'>(la</span> <span class='ocrx_word' id='word_1_316' title='bbox 161 3083 313 3121; x_wconf 70' lang='lat' dir='ltr'>francof,</span> <span class='ocrx_word' id='word_1_317' title='bbox 338 3082 427 3114; x_wconf 64' lang='lat'>1625.</span> <span class='ocrx_word' id='word_1_318' title='bbox 451 3084 504 3116; x_wconf 75' lang='lat' dir='ltr'>fol.</span> 
     </span>
     <span class='ocr_line' id='line_1_51' title="bbox 159 3133 974 3175; baseline 0.005 -12"><span class='ocrx_word' id='word_1_319' title='bbox 159 3133 193 3170; x_wconf 70' lang='lat' dir='ltr'>h&gt;</span> <span class='ocrx_word' id='word_1_320' title='bbox 221 3136 299 3164; x_wconf 75' lang='lat' dir='ltr'>Acta</span> <span class='ocrx_word' id='word_1_321' title='bbox 323 3135 471 3164; x_wconf 75' lang='lat' dir='ltr'>sanctor.</span> <span class='ocrx_word' id='word_1_322' title='bbox 496 3136 583 3165; x_wconf 82' lang='lat' dir='ltr'>Maii.</span> <span class='ocrx_word' id='word_1_323' title='bbox 607 3134 781 3173; x_wconf 64' lang='lat' dir='ltr'>propylaeo</span> <span class='ocrx_word' id='word_1_324' title='bbox 807 3143 879 3175; x_wconf 74' lang='lat' dir='ltr'>pag.</span> <span class='ocrx_word' id='word_1_325' title='bbox 902 3135 974 3168; x_wconf 74' lang='lat'>5216.</span> 
     </span>
    </p>
   </div>
   <div class='ocr_carea' id='block_1_4' title="bbox 1112 57 2082 3176">
    <p class='ocr_par' dir='ltr' id='par_1_4' title="bbox 2002 57 2080 96">
     <span class='ocr_line' id='line_1_52' title="bbox 2002 57 2080 96; baseline 0.026 -2"><span class='ocrx_word' id='word_1_326' title='bbox 2002 57 2080 96; x_wconf 71' lang='lat'>329</span> 
     </span>
    </p>

    <p class='ocr_par' dir='ltr' id='par_1_5' title="bbox 1126 126 2080 788">
     <span class='ocr_line' id='line_1_53' title="bbox 1187 126 2080 178; baseline -0.003 -12"><span class='ocrx_word' id='word_1_327' title='bbox 1187 128 1377 167; x_wconf 81' lang='lat' dir='ltr'>Vaticinia</span> <span class='ocrx_word' id='word_1_328' title='bbox 1401 127 1446 165; x_wconf 86' lang='lat' dir='ltr'>de</span> <span class='ocrx_word' id='word_1_329' title='bbox 1470 126 1638 178; x_wconf 70' lang='lat' dir='ltr'>Reyibus</span> <span class='ocrx_word' id='word_1_330' title='bbox 1666 126 1858 166; x_wconf 72' lang='lat' dir='ltr'>castellae</span> <span class='ocrx_word' id='word_1_331' title='bbox 1887 129 1923 163; x_wconf 81' lang='lat' dir='ltr'>ec</span> <span class='ocrx_word' id='word_1_332' title='bbox 1950 127 2080 176; x_wconf 74' lang='lat' dir='ltr'>Leyio—</span> 
     </span>
     <span class='ocr_line' id='line_1_54' title="bbox 1129 188 2077 237; baseline 0 -12"><span class='ocrx_word' id='word_1_333' title='bbox 1129 190 1190 226; x_wconf 84' lang='lat' dir='ltr'>nis</span> <span class='ocrx_word' id='word_1_334' title='bbox 1227 202 1247 228; x_wconf 89' lang='lat' dir='ltr'>a</span> <span class='ocrx_word' id='word_1_335' title='bbox 1279 189 1524 228; x_wconf 88' lang='lat' dir='ltr'>Ferdinando</span> <span class='ocrx_word' id='word_1_336' title='bbox 1554 191 1581 227; x_wconf 95' lang='grc' dir='ltr'>Ι.</span> <span class='ocrx_word' id='word_1_337' title='bbox 1624 189 1769 227; x_wconf 85' lang='lat' dir='ltr'>Sanctii</span> <span class='ocrx_word' id='word_1_338' title='bbox 1801 189 1840 226; x_wconf 90' lang='lat' dir='ltr'>F.</span> <span class='ocrx_word' id='word_1_339' title='bbox 1873 198 1999 237; x_wconf 88' lang='lat' dir='ltr'>usque</span> <span class='ocrx_word' id='word_1_340' title='bbox 2028 188 2077 226; x_wconf 89' lang='lat' dir='ltr'>ad</span> 
     </span>
     <span class='ocr_line' id='line_1_55' title="bbox 1129 250 2080 301; baseline -0.001 -15"><span class='ocrx_word' id='word_1_341' title='bbox 1129 250 1291 301; x_wconf 90' lang='lat' dir='ltr'>Philippi</span> <span class='ocrx_word' id='word_1_342' title='bbox 1316 253 1358 289; x_wconf 89' lang='lat' dir='ltr'>V.</span> <span class='ocrx_word' id='word_1_343' title='bbox 1389 252 1455 300; x_wconf 91' lang='lat' dir='ltr'>qui</span> <span class='ocrx_word' id='word_1_344' title='bbox 1481 251 1594 289; x_wconf 85' lang='lat' dir='ltr'>hodie</span> <span class='ocrx_word' id='word_1_345' title='bbox 1619 251 1825 300; x_wconf 88' lang='lat' dir='ltr'>Hispanias</span> <span class='ocrx_word' id='word_1_346' title='bbox 1854 250 1966 299; x_wconf 87' lang='lat' dir='ltr'>regit,</span> <span class='ocrx_word' id='word_1_347' title='bbox 1991 259 2080 287; x_wconf 85' lang='lat' dir='ltr'>suc—</span> 
     </span>
     <span class='ocr_line' id='line_1_56' title="bbox 1127 311 2076 362; baseline -0.001 -14"><span class='ocrx_word' id='word_1_348' title='bbox 1127 322 1324 350; x_wconf 87' lang='lat' dir='ltr'>cessorem</span> <span class='ocrx_word' id='word_1_349' title='bbox 1343 314 1541 362; x_wconf 87' lang='lat' dir='ltr'>quintum,</span> <span class='ocrx_word' id='word_1_350' title='bbox 1566 313 1710 361; x_wconf 87' lang='lat' dir='ltr'>scripta</span> <span class='ocrx_word' id='word_1_351' title='bbox 1736 311 1943 348; x_wconf 89' lang='lat' dir='ltr'>versibus:</span> <span class='ocrx_word' id='word_1_352' title='bbox 1967 311 2076 358; x_wconf 83' lang='lat' dir='ltr'>Quae</span> 
     </span>
     <span class='ocr_line' id='line_1_57' title="bbox 1126 371 2078 424; baseline -0.001 -15"><span class='ocrx_word' id='word_1_353' title='bbox 1126 383 1209 410; x_wconf 56' lang='lat' dir='ltr'>voa?</span> <span class='ocrx_word' id='word_1_354' title='bbox 1231 384 1331 422; x_wconf 85' lang='lat' dir='ltr'>quae</span> <span class='ocrx_word' id='word_1_355' title='bbox 1344 373 1490 424; x_wconf 83' lang='lat' dir='ltr'>poterit</span> <span class='ocrx_word' id='word_1_356' title='bbox 1509 373 1642 422; x_wconf 66' lang='lat' dir='ltr'>linqua</span> <span class='ocrx_word' id='word_1_357' title='bbox 1659 376 1844 411; x_wconf 76' lang='lat' dir='ltr'>reteaeere</span> <span class='ocrx_word' id='word_1_358' title='bbox 1859 372 1879 409; x_wconf 72' lang='lat'>‘2</span> <span class='ocrx_word' id='word_1_359' title='bbox 1896 371 2078 410; x_wconf 83' lang='lat' dir='ltr'>Prodiere</span> 
     </span>
     <span class='ocr_line' id='line_1_58' title="bbox 1127 432 2078 483; baseline -0.001 -13"><span class='ocrx_word' id='word_1_360' title='bbox 1127 435 1297 482; x_wconf 82' lang='lat' dir='ltr'>primum</span> <span class='ocrx_word' id='word_1_361' title='bbox 1328 435 1401 472; x_wconf 80' lang='lat' dir='ltr'>An.</span> <span class='ocrx_word' id='word_1_362' title='bbox 1435 434 1548 472; x_wconf 85' lang='lat'>4670.</span> <span class='ocrx_word' id='word_1_363' title='bbox 1581 433 1723 471; x_wconf 89' lang='lat' dir='ltr'>deinde</span> <span class='ocrx_word' id='word_1_364' title='bbox 1743 445 1834 472; x_wconf 89' lang='lat' dir='ltr'>cum</span> <span class='ocrx_word' id='word_1_365' title='bbox 1861 435 1902 471; x_wconf 90' lang='lat' dir='ltr'>P.</span> <span class='ocrx_word' id='word_1_366' title='bbox 1926 432 2078 483; x_wconf 85' lang='lat' dir='ltr'>Angeli,</span> 
     </span>
     <span class='ocr_line' id='line_1_59' title="bbox 1127 494 2079 543; baseline -0.001 -12"><span class='ocrx_word' id='word_1_367' title='bbox 1127 495 1404 543; x_wconf 78' lang='lat' dir='ltr'>Augustiniani</span> <span class='ocrx_word' id='word_1_368' title='bbox 1435 495 1659 532; x_wconf 87' lang='lat' dir='ltr'>discalceati</span> <span class='ocrx_word' id='word_1_369' title='bbox 1691 495 1793 532; x_wconf 87' lang='lat' dir='ltr'>notis</span> <span class='ocrx_word' id='word_1_370' title='bbox 1824 494 2020 532; x_wconf 79' lang='lat' dir='ltr'>historicis</span> <span class='ocrx_word' id='word_1_371' title='bbox 2041 495 2079 530; x_wconf 93' lang='lat' dir='ltr'>in</span> 
     </span>
     <span class='ocr_line' id='line_1_60' title="bbox 1126 554 2077 605; baseline -0.001 -13"><span class='ocrx_word' id='word_1_372' title='bbox 1126 560 1232 594; x_wconf 84' lang='lat' dir='ltr'>tomo</span> <span class='ocrx_word' id='word_1_373' title='bbox 1261 558 1376 594; x_wconf 89' lang='lat' dir='ltr'>tertio</span> <span class='ocrx_word' id='word_1_374' title='bbox 1413 557 1593 605; x_wconf 78' lang='lat' dir='ltr'>Sylloges</span> <span class='ocrx_word' id='word_1_375' title='bbox 1639 554 1985 593; x_wconf 84' lang='lat' dir='ltr'>Archimbaldinae</span> <span class='ocrx_word' id='word_1_376' title='bbox 2014 556 2077 593; x_wconf 88' lang='lat' dir='ltr'>cui</span> 
     </span>
     <span class='ocr_line' id='line_1_61' title="bbox 1127 616 2076 666; baseline 0.001 -14"><span class='ocrx_word' id='word_1_377' title='bbox 1127 618 1287 655; x_wconf 87' lang='lat' dir='ltr'>titulus:</span> <span class='ocrx_word' id='word_1_378' title='bbox 1319 628 1500 656; x_wconf 87' lang='lat' dir='ltr'>nouveau</span> <span class='ocrx_word' id='word_1_379' title='bbox 1532 617 1675 655; x_wconf 89' lang='lat' dir='ltr'>recueil</span> <span class='ocrx_word' id='word_1_380' title='bbox 1706 616 1753 653; x_wconf 87' lang='lat' dir='ltr'>de</span> <span class='ocrx_word' id='word_1_381' title='bbox 1784 619 1914 666; x_wconf 88' lang='lat' dir='ltr'>pieces</span> <span class='ocrx_word' id='word_1_382' title='bbox 1945 617 2076 666; x_wconf 83' lang='lat' dir='ltr'>fugiti-</span> 
     </span>
     <span class='ocr_line' id='line_1_62' title="bbox 1131 678 2078 725; baseline -0.001 -10"><span class='ocrx_word' id='word_1_383' title='bbox 1131 689 1201 716; x_wconf 85' lang='lat' dir='ltr'>ves</span> <span class='ocrx_word' id='word_1_384' title='bbox 1232 678 1268 716; x_wconf 82' lang='lat' dir='ltr'>d&#39;</span> <span class='ocrx_word' id='word_1_385' title='bbox 1284 680 1476 725; x_wconf 89' lang='lat' dir='ltr'>Histoire,</span> <span class='ocrx_word' id='word_1_386' title='bbox 1507 678 1554 716; x_wconf 89' lang='lat' dir='ltr'>de</span> <span class='ocrx_word' id='word_1_387' title='bbox 1584 678 1806 715; x_wconf 87' lang='lat' dir='ltr'>litterature</span> <span class='ocrx_word' id='word_1_388' title='bbox 1845 681 1921 715; x_wconf 88' lang='lat' dir='ltr'>etc.</span> <span class='ocrx_word' id='word_1_389' title='bbox 1958 678 2078 715; x_wconf 84' lang='lat' dir='ltr'>Paris.</span> 
     </span>
     <span class='ocr_line' id='line_1_63' title="bbox 1134 739 1609 788; baseline -0.004 -10"><span class='ocrx_word' id='word_1_390' title='bbox 1134 740 1232 778; x_wconf 78' lang='lat'>4747</span> <span class='ocrx_word' id='word_1_391' title='bbox 1259 740 1321 778; x_wconf 70' lang='lat'>42.</span> <span class='ocrx_word' id='word_1_392' title='bbox 1351 750 1435 788; x_wconf 86' lang='lat' dir='ltr'>pag.</span> <span class='ocrx_word' id='word_1_393' title='bbox 1468 741 1515 776; x_wconf 89' lang='grc'>50</span> <span class='ocrx_word' id='word_1_394' title='bbox 1547 739 1609 777; x_wconf 85' lang='grc'>58.</span> 
     </span>
    </p>

    <p class='ocr_par' dir='ltr' id='par_1_6' title="bbox 1131 800 2082 1152">
     <span class='ocr_line' id='line_1_64' title="bbox 1181 800 2078 849; baseline -0.002 -10"><span class='ocrx_word' id='word_1_395' title='bbox 1181 802 1345 839; x_wconf 86' lang='lat' dir='ltr'>Caetera</span> <span class='ocrx_word' id='word_1_396' title='bbox 1390 800 1507 838; x_wconf 77' lang='lat' dir='ltr'>liuius</span> <span class='ocrx_word' id='word_1_397' title='bbox 1548 800 1738 837; x_wconf 86' lang='lat' dir='ltr'>Joachimi</span> <span class='ocrx_word' id='word_1_398' title='bbox 1779 801 1925 849; x_wconf 89' lang='lat' dir='ltr'>scripta</span> <span class='ocrx_word' id='word_1_399' title='bbox 1956 804 2078 847; x_wconf 83' lang='lat' dir='ltr'>sunt,</span> 
     </span>
     <span class='ocr_line' id='line_1_65' title="bbox 1131 860 2082 910; baseline -0.002 -11"><span class='ocrx_word' id='word_1_400' title='bbox 1131 862 1178 899; x_wconf 88' lang='lat' dir='ltr'>de</span> <span class='ocrx_word' id='word_1_401' title='bbox 1208 861 1352 910; x_wconf 90' lang='lat' dir='ltr'>quibus</span> <span class='ocrx_word' id='word_1_402' title='bbox 1384 861 1610 899; x_wconf 86' lang='lat' dir='ltr'>Leonardus</span> <span class='ocrx_word' id='word_1_403' title='bbox 1640 861 1876 898; x_wconf 72' lang='lat' dir='ltr'>Nicodamus</span> <span class='ocrx_word' id='word_1_404' title='bbox 1905 862 1942 898; x_wconf 93' lang='lat' dir='ltr'>in</span> <span class='ocrx_word' id='word_1_405' title='bbox 1973 860 2082 899; x_wconf 86' lang='lat' dir='ltr'>addi-</span> 
     </span>
     <span class='ocr_line' id='line_1_66' title="bbox 1131 921 2079 971; baseline 0 -12"><span class='ocrx_word' id='word_1_406' title='bbox 1131 922 1303 960; x_wconf 90' lang='lat' dir='ltr'>tionibus</span> <span class='ocrx_word' id='word_1_407' title='bbox 1344 922 1556 971; x_wconf 86' lang='lat' dir='ltr'>praeclaris</span> <span class='ocrx_word' id='word_1_408' title='bbox 1601 921 1649 959; x_wconf 89' lang='lat' dir='ltr'>ad</span> <span class='ocrx_word' id='word_1_409' title='bbox 1691 922 1773 959; x_wconf 90' lang='lat' dir='ltr'>Nic.</span> <span class='ocrx_word' id='word_1_410' title='bbox 1806 923 1942 970; x_wconf 89' lang='lat' dir='ltr'>Toppii</span> <span class='ocrx_word' id='word_1_411' title='bbox 1984 922 2079 959; x_wconf 87' lang='lat' dir='ltr'>Bibl.</span> 
     </span>
     <span class='ocr_line' id='line_1_67' title="bbox 1132 982 2079 1033; baseline -0.002 -12"><span class='ocrx_word' id='word_1_412' title='bbox 1132 984 1425 1033; x_wconf 88' lang='lat' dir='ltr'>Neapolitanam</span> <span class='ocrx_word' id='word_1_413' title='bbox 1457 994 1542 1032; x_wconf 90' lang='lat' dir='ltr'>pag.</span> <span class='ocrx_word' id='word_1_414' title='bbox 1565 983 1627 1020; x_wconf 88' lang='grc'>94.</span> <span class='ocrx_word' id='word_1_415' title='bbox 1663 992 1744 1030; x_wconf 88' lang='lat' dir='ltr'>seq.</span> <span class='ocrx_word' id='word_1_416' title='bbox 1776 982 1873 1019; x_wconf 87' lang='lat' dir='ltr'>Acta</span> <span class='ocrx_word' id='word_1_417' title='bbox 1902 982 2079 1020; x_wconf 86' lang='lat' dir='ltr'>Sanctor.</span> 
     </span>
     <span class='ocr_line' id='line_1_68' title="bbox 1132 1042 2080 1094; baseline -0.001 -13"><span class='ocrx_word' id='word_1_418' title='bbox 1132 1050 1224 1082; x_wconf 78' lang='lat' dir='ltr'>tom.</span> <span class='ocrx_word' id='word_1_419' title='bbox 1255 1044 1290 1081; x_wconf 88' lang='lat'>7.</span> <span class='ocrx_word' id='word_1_420' title='bbox 1319 1045 1404 1082; x_wconf 86' lang='lat' dir='ltr'>Maii</span> <span class='ocrx_word' id='word_1_421' title='bbox 1436 1055 1522 1094; x_wconf 89' lang='lat' dir='ltr'>pag.</span> <span class='ocrx_word' id='word_1_422' title='bbox 1554 1043 1628 1081; x_wconf 88' lang='grc'>403</span> <span class='ocrx_word' id='word_1_423' title='bbox 1658 1053 1743 1092; x_wconf 81' lang='lat' dir='ltr'>seq.</span> <span class='ocrx_word' id='word_1_424' title='bbox 1784 1043 1872 1082; x_wconf 72' lang='lat'>429.</span> <span class='ocrx_word' id='word_1_425' title='bbox 1917 1042 2080 1082; x_wconf 86' lang='lat' dir='ltr'>Carolus</span> 
     </span>
     <span class='ocr_line' id='line_1_69' title="bbox 1133 1105 1378 1152; baseline 0 -11"><span class='ocrx_word' id='word_1_426' title='bbox 1133 1105 1273 1152; x_wconf 75' lang='lat' dir='ltr'>visch,</span> <span class='ocrx_word' id='word_1_427' title='bbox 1305 1109 1378 1143; x_wconf 86' lang='lat' dir='ltr'>etc.</span> 
     </span>
    </p>

    <p class='ocr_par' dir='ltr' id='par_1_7' title="bbox 1128 1164 2081 1399">
     <span class='ocr_line' id='line_1_70' title="bbox 1183 1164 2081 1205; baseline 0 -2"><span class='ocrx_word' id='word_1_428' title='bbox 1183 1164 1298 1204; x_wconf 82' lang='lat' dir='ltr'>Liber</span> <span class='ocrx_word' id='word_1_429' title='bbox 1324 1165 1565 1205; x_wconf 78' lang='lat' dir='ltr'>Concordiae</span> <span class='ocrx_word' id='word_1_430' title='bbox 1588 1166 1692 1204; x_wconf 80' lang='lat' dir='ltr'>Novi</span> <span class='ocrx_word' id='word_1_431' title='bbox 1712 1177 1759 1203; x_wconf 86' lang='lat' dir='ltr'>ac</span> <span class='ocrx_word' id='word_1_432' title='bbox 1787 1165 1930 1204; x_wconf 82' lang='lat' dir='ltr'>Veteris</span> <span class='ocrx_word' id='word_1_433' title='bbox 1953 1165 2081 1204; x_wconf 86' lang='lat' dir='ltr'>Testa-</span> 
     </span>
     <span class='ocr_line' id='line_1_71' title="bbox 1128 1227 2075 1277; baseline 0.001 -14"><span class='ocrx_word' id='word_1_434' title='bbox 1128 1227 1266 1275; x_wconf 79' lang='lat' dir='ltr'>menti,</span> <span class='ocrx_word' id='word_1_435' title='bbox 1299 1227 1363 1266; x_wconf 87' lang='lat' dir='ltr'>ubi</span> <span class='ocrx_word' id='word_1_436' title='bbox 1393 1227 1441 1265; x_wconf 89' lang='lat' dir='ltr'>de</span> <span class='ocrx_word' id='word_1_437' title='bbox 1485 1239 1660 1276; x_wconf 86' lang='lat' dir='ltr'>quinque</span> <span class='ocrx_word' id='word_1_438' title='bbox 1697 1227 1862 1277; x_wconf 82' lang='lat' dir='ltr'>sigillis,</span> <span class='ocrx_word' id='word_1_439' title='bbox 1894 1227 2002 1265; x_wconf 87' lang='lat' dir='ltr'>libris</span> <span class='ocrx_word' id='word_1_440' title='bbox 2032 1228 2075 1265; x_wconf 91' lang='lat' dir='ltr'>V.</span> 
     </span>
     <span class='ocr_line' id='line_1_72' title="bbox 1128 1288 2070 1327; baseline 0.003 -3"><span class='ocrx_word' id='word_1_441' title='bbox 1128 1290 1263 1326; x_wconf 55' lang='lat' dir='ltr'>venet.</span> <span class='ocrx_word' id='word_1_442' title='bbox 1308 1289 1406 1327; x_wconf 86' lang='lat'>4549</span> <span class='ocrx_word' id='word_1_443' title='bbox 1443 1290 1477 1326; x_wconf 90' lang='grc'>4.</span> <span class='ocrx_word' id='word_1_444' title='bbox 1510 1288 1602 1326; x_wconf 84' lang='lat' dir='ltr'>Vide</span> <span class='ocrx_word' id='word_1_445' title='bbox 1632 1291 1690 1326; x_wconf 91' lang='lat' dir='ltr'>Jo.</span> <span class='ocrx_word' id='word_1_446' title='bbox 1722 1289 1850 1326; x_wconf 81' lang='lat' dir='ltr'>Woltii</span> <span class='ocrx_word' id='word_1_447' title='bbox 1881 1289 2070 1327; x_wconf 88' lang='lat' dir='ltr'>lectiones</span> 
     </span>
     <span class='ocr_line' id='line_1_73' title="bbox 1129 1350 1925 1399; baseline 0.003 -13"><span class='ocrx_word' id='word_1_448' title='bbox 1129 1350 1404 1387; x_wconf 81' lang='lat' dir='ltr'>memorabiles</span> <span class='ocrx_word' id='word_1_449' title='bbox 1441 1354 1535 1387; x_wconf 81' lang='lat' dir='ltr'>tom.</span> <span class='ocrx_word' id='word_1_450' title='bbox 1568 1352 1580 1387; x_wconf 89' lang='grc'>4</span> <span class='ocrx_word' id='word_1_451' title='bbox 1618 1362 1703 1399; x_wconf 83' lang='lat' dir='ltr'>pag.</span> <span class='ocrx_word' id='word_1_452' title='bbox 1724 1350 1810 1387; x_wconf 65' lang='lat'>489</span> <span class='ocrx_word' id='word_1_453' title='bbox 1842 1362 1925 1399; x_wconf 87' lang='lat' dir='ltr'>seq.</span> 
     </span>
    </p>

    <p class='ocr_par' dir='ltr' id='par_1_8' title="bbox 1127 1408 2080 1950">
     <span class='ocr_line' id='line_1_74' title="bbox 1184 1408 2077 1458; baseline 0.003 -12"><span class='ocrx_word' id='word_1_454' title='bbox 1184 1408 1420 1447; x_wconf 74' lang='lat' dir='ltr'>Psalterium</span> <span class='ocrx_word' id='word_1_455' title='bbox 1449 1409 1578 1447; x_wconf 81' lang='lat' dir='ltr'>decem</span> <span class='ocrx_word' id='word_1_456' title='bbox 1607 1410 1859 1458; x_wconf 77' lang='lat' dir='ltr'>chordarum,</span> <span class='ocrx_word' id='word_1_457' title='bbox 1885 1411 1993 1448; x_wconf 87' lang='lat' dir='ltr'>libris</span> <span class='ocrx_word' id='word_1_458' title='bbox 2014 1413 2077 1449; x_wconf 89' lang='lat' dir='ltr'>III.</span> 
     </span>
     <span class='ocr_line' id='line_1_75' title="bbox 1130 1471 2079 1521; baseline 0.003 -14"><span class='ocrx_word' id='word_1_459' title='bbox 1130 1473 1164 1507; x_wconf 90' lang='lat' dir='ltr'>in</span> <span class='ocrx_word' id='word_1_460' title='bbox 1197 1471 1341 1520; x_wconf 90' lang='lat' dir='ltr'>quibus</span> <span class='ocrx_word' id='word_1_461' title='bbox 1385 1471 1432 1509; x_wconf 86' lang='lat' dir='ltr'>de</span> <span class='ocrx_word' id='word_1_462' title='bbox 1470 1482 1628 1509; x_wconf 87' lang='lat' dir='ltr'>summa</span> <span class='ocrx_word' id='word_1_463' title='bbox 1670 1473 1884 1519; x_wconf 84' lang='lat' dir='ltr'>Trinitate,</span> <span class='ocrx_word' id='word_1_464' title='bbox 1915 1473 2079 1521; x_wconf 86' lang='lat' dir='ltr'>eiusque.</span> 
     </span>
     <span class='ocr_line' id='line_1_76' title="bbox 1129 1532 2080 1572; baseline 0.002 -3"><span class='ocrx_word' id='word_1_465' title='bbox 1129 1532 1400 1570; x_wconf 85' lang='lat' dir='ltr'>distinctione:</span> <span class='ocrx_word' id='word_1_466' title='bbox 1448 1532 1496 1570; x_wconf 87' lang='lat' dir='ltr'>de</span> <span class='ocrx_word' id='word_1_467' title='bbox 1542 1544 1707 1571; x_wconf 87' lang='lat' dir='ltr'>numero</span> <span class='ocrx_word' id='word_1_468' title='bbox 1756 1534 1999 1572; x_wconf 86' lang='lat' dir='ltr'>Psalmorum</span> <span class='ocrx_word' id='word_1_469' title='bbox 2041 1540 2080 1572; x_wconf 88' lang='lat' dir='ltr'>et</span> 
     </span>
     <span class='ocr_line' id='line_1_77' title="bbox 1128 1594 2080 1643; baseline 0.002 -13"><span class='ocrx_word' id='word_1_470' title='bbox 1128 1605 1264 1632; x_wconf 87' lang='lat' dir='ltr'>eorum</span> <span class='ocrx_word' id='word_1_471' title='bbox 1296 1595 1450 1632; x_wconf 85' lang='lat' dir='ltr'>arcanis</span> <span class='ocrx_word' id='word_1_472' title='bbox 1479 1605 1523 1632; x_wconf 88' lang='lat' dir='ltr'>ac</span> <span class='ocrx_word' id='word_1_473' title='bbox 1569 1595 1750 1643; x_wconf 76' lang='lat' dir='ltr'>mysticis</span> <span class='ocrx_word' id='word_1_474' title='bbox 1794 1594 2001 1632; x_wconf 88' lang='lat' dir='ltr'>sensibus:</span> <span class='ocrx_word' id='word_1_475' title='bbox 2032 1594 2080 1632; x_wconf 90' lang='lat' dir='ltr'>de</span> 
     </span>
     <span class='ocr_line' id='line_1_78' title="bbox 1128 1654 2080 1704; baseline 0 -12"><span class='ocrx_word' id='word_1_476' title='bbox 1128 1654 1367 1692; x_wconf 78' lang='lat' dir='ltr'>psalmodia:</span> <span class='ocrx_word' id='word_1_477' title='bbox 1398 1655 1445 1692; x_wconf 89' lang='lat' dir='ltr'>de</span> <span class='ocrx_word' id='word_1_478' title='bbox 1478 1654 1592 1692; x_wconf 89' lang='lat' dir='ltr'>modo</span> <span class='ocrx_word' id='word_1_479' title='bbox 1621 1659 1661 1692; x_wconf 90' lang='lat' dir='ltr'>et</span> <span class='ocrx_word' id='word_1_480' title='bbox 1690 1666 1768 1693; x_wconf 88' lang='lat' dir='ltr'>usu</span> <span class='ocrx_word' id='word_1_481' title='bbox 1807 1655 1999 1704; x_wconf 87' lang='lat' dir='ltr'>psallendi</span> <span class='ocrx_word' id='word_1_482' title='bbox 2030 1657 2080 1693; x_wconf 92' lang='lat' dir='ltr'>si-</span> 
     </span>
     <span class='ocr_line' id='line_1_79' title="bbox 1129 1716 2079 1766; baseline 0.001 -13"><span class='ocrx_word' id='word_1_483' title='bbox 1129 1717 1210 1754; x_wconf 92' lang='lat' dir='ltr'>mul</span> <span class='ocrx_word' id='word_1_484' title='bbox 1243 1720 1283 1753; x_wconf 89' lang='lat' dir='ltr'>et</span> <span class='ocrx_word' id='word_1_485' title='bbox 1314 1716 1582 1766; x_wconf 89' lang='lat' dir='ltr'>psallentium.</span> <span class='ocrx_word' id='word_1_486' title='bbox 1611 1716 1753 1753; x_wconf 88' lang='lat' dir='ltr'>Venet.</span> <span class='ocrx_word' id='word_1_487' title='bbox 1789 1716 1891 1754; x_wconf 65' lang='lat'>4527</span> <span class='ocrx_word' id='word_1_488' title='bbox 1923 1717 1958 1754; x_wconf 90' lang='lat'>4.</span> <span class='ocrx_word' id='word_1_489' title='bbox 1987 1727 2079 1755; x_wconf 84' lang='lat' dir='ltr'>cum</span> 
     </span>
     <span class='ocr_line' id='line_1_80' title="bbox 1127 1776 2078 1828; baseline 0.001 -14"><span class='ocrx_word' id='word_1_490' title='bbox 1127 1777 1330 1828; x_wconf 84' lang='lat' dir='ltr'>prophetia</span> <span class='ocrx_word' id='word_1_491' title='bbox 1371 1779 1533 1815; x_wconf 87' lang='lat' dir='ltr'>inventa</span> <span class='ocrx_word' id='word_1_492' title='bbox 1575 1788 1596 1815; x_wconf 88' lang='lat' dir='ltr'>a</span> <span class='ocrx_word' id='word_1_493' title='bbox 1625 1777 1862 1816; x_wconf 83' lang='lat' dir='ltr'><strong>GERARDO</strong></span> <span class='ocrx_word' id='word_1_494' title='bbox 1907 1776 2078 1824; x_wconf 66' lang='lat' dir='ltr'>Gelonis,</span> 
     </span>
     <span class='ocr_line' id='line_1_81' title="bbox 1129 1838 2076 1890; baseline 0 -14"><span class='ocrx_word' id='word_1_495' title='bbox 1129 1839 1220 1876; x_wconf 84' lang='lat' dir='ltr'>Ord.</span> <span class='ocrx_word' id='word_1_496' title='bbox 1252 1840 1386 1876; x_wconf 87' lang='lat' dir='ltr'>Minor.</span> <span class='ocrx_word' id='word_1_497' title='bbox 1417 1844 1456 1876; x_wconf 86' lang='lat' dir='ltr'>et</span> <span class='ocrx_word' id='word_1_498' title='bbox 1491 1840 1669 1890; x_wconf 74' lang='lat' dir='ltr'>Hymno,</span> <span class='ocrx_word' id='word_1_499' title='bbox 1699 1839 1863 1877; x_wconf 78' lang='lat' dir='ltr'>Abbatis</span> <span class='ocrx_word' id='word_1_500' title='bbox 1899 1838 2076 1877; x_wconf 87' lang='lat' dir='ltr'>Joachim</span> 
     </span>
     <span class='ocr_line' id='line_1_82' title="bbox 1127 1899 1518 1950; baseline 0 -13"><span class='ocrx_word' id='word_1_501' title='bbox 1127 1899 1172 1937; x_wconf 81' lang='lat' dir='ltr'>cle</span> <span class='ocrx_word' id='word_1_502' title='bbox 1190 1900 1329 1950; x_wconf 76' lang='lat' dir='ltr'>patria</span> <span class='ocrx_word' id='word_1_503' title='bbox 1353 1899 1518 1938; x_wconf 80' lang='lat' dir='ltr'>coelesti.</span> 
     </span>
    </p>

    <p class='ocr_par' dir='ltr' id='par_1_9' title="bbox 1122 1961 2077 2440">
     <span class='ocr_line' id='line_1_83' title="bbox 1180 1961 2072 2012; baseline 0.001 -12"><span class='ocrx_word' id='word_1_504' title='bbox 1180 1965 1306 2011; x_wconf 71' lang='lat' dir='ltr'>Super</span> <span class='ocrx_word' id='word_1_505' title='bbox 1335 1961 1525 2009; x_wconf 77' lang='lat' dir='ltr'>Esaiam,</span> <span class='ocrx_word' id='word_1_506' title='bbox 1556 1966 1596 1999; x_wconf 90' lang='lat' dir='ltr'>et</span> <span class='ocrx_word' id='word_1_507' title='bbox 1633 1973 1752 2012; x_wconf 89' lang='lat' dir='ltr'>super</span> <span class='ocrx_word' id='word_1_508' title='bbox 1796 1963 1983 2001; x_wconf 88' lang='lat' dir='ltr'>nonnulla</span> <span class='ocrx_word' id='word_1_509' title='bbox 2000 1964 2072 2001; x_wconf 86' lang='lat' dir='ltr'>Ca-</span> 
     </span>
     <span class='ocr_line' id='line_1_84' title="bbox 1127 2021 2076 2073; baseline 0.002 -13"><span class='ocrx_word' id='word_1_510' title='bbox 1127 2024 1250 2073; x_wconf 87' lang='lat' dir='ltr'>pitula</span> <span class='ocrx_word' id='word_1_511' title='bbox 1292 2022 1474 2070; x_wconf 81' lang='lat' dir='ltr'>Nahum,</span> <span class='ocrx_word' id='word_1_512' title='bbox 1520 2021 1734 2071; x_wconf 85' lang='lat' dir='ltr'>Habacuc,</span> <span class='ocrx_word' id='word_1_513' title='bbox 1777 2023 2001 2062; x_wconf 75' lang='lat' dir='ltr'>Zachariae</span> <span class='ocrx_word' id='word_1_514' title='bbox 2037 2029 2076 2062; x_wconf 85' lang='lat' dir='ltr'>et</span> 
     </span>
     <span class='ocr_line' id='line_1_85' title="bbox 1126 2083 2077 2135; baseline 0 -12"><span class='ocrx_word' id='word_1_515' title='bbox 1126 2083 1372 2132; x_wconf 79' lang='lat' dir='ltr'>Malachiae,</span> <span class='ocrx_word' id='word_1_516' title='bbox 1402 2096 1493 2123; x_wconf 88' lang='lat' dir='ltr'>cum</span> <span class='ocrx_word' id='word_1_517' title='bbox 1525 2085 1706 2135; x_wconf 88' lang='lat' dir='ltr'>plurimis</span> <span class='ocrx_word' id='word_1_518' title='bbox 1731 2086 1897 2123; x_wconf 88' lang='lat' dir='ltr'>internis</span> <span class='ocrx_word' id='word_1_519' title='bbox 1921 2091 1960 2123; x_wconf 87' lang='lat' dir='ltr'>et</span> <span class='ocrx_word' id='word_1_520' title='bbox 1991 2097 2077 2135; x_wconf 86' lang='lat' dir='ltr'>my-</span> 
     </span>
     <span class='ocr_line' id='line_1_86' title="bbox 1125 2147 2077 2186; baseline 0.002 -3"><span class='ocrx_word' id='word_1_521' title='bbox 1125 2148 1235 2185; x_wconf 88' lang='lat' dir='ltr'>sticis</span> <span class='ocrx_word' id='word_1_522' title='bbox 1264 2158 1466 2185; x_wconf 88' lang='lat' dir='ltr'>sacrarum</span> <span class='ocrx_word' id='word_1_523' title='bbox 1497 2147 1718 2185; x_wconf 84' lang='lat' dir='ltr'>litterarum</span> <span class='ocrx_word' id='word_1_524' title='bbox 1742 2148 2006 2186; x_wconf 87' lang='lat' dir='ltr'>intellectibus</span> <span class='ocrx_word' id='word_1_525' title='bbox 2037 2153 2077 2186; x_wconf 88' lang='lat' dir='ltr'>et</span> 
     </span>
     <span class='ocr_line' id='line_1_87' title="bbox 1123 2208 2076 2247; baseline 0 -1"><span class='ocrx_word' id='word_1_526' title='bbox 1123 2209 1170 2247; x_wconf 90' lang='lat' dir='ltr'>de</span> <span class='ocrx_word' id='word_1_527' title='bbox 1215 2208 1400 2246; x_wconf 87' lang='lat' dir='ltr'>oneribus</span> <span class='ocrx_word' id='word_1_528' title='bbox 1445 2210 1482 2244; x_wconf 94' lang='lat' dir='ltr'>in</span> <span class='ocrx_word' id='word_1_529' title='bbox 1527 2208 1671 2247; x_wconf 84' lang='lat' dir='ltr'>Orbem</span> <span class='ocrx_word' id='word_1_530' title='bbox 1712 2211 1944 2247; x_wconf 88' lang='lat' dir='ltr'>universum</span> <span class='ocrx_word' id='word_1_531' title='bbox 1991 2210 2076 2247; x_wconf 89' lang='lat' dir='ltr'>sive</span> 
     </span>
     <span class='ocr_line' id='line_1_88' title="bbox 1122 2269 2075 2320; baseline 0 -12"><span class='ocrx_word' id='word_1_532' title='bbox 1122 2281 1288 2320; x_wconf 86' lang='lat' dir='ltr'>magnae</span> <span class='ocrx_word' id='word_1_533' title='bbox 1317 2270 1440 2319; x_wconf 87' lang='lat' dir='ltr'>partis</span> <span class='ocrx_word' id='word_1_534' title='bbox 1469 2269 1584 2308; x_wconf 81' lang='lat' dir='ltr'>Orbis</span> <span class='ocrx_word' id='word_1_535' title='bbox 1624 2274 1821 2308; x_wconf 85' lang='lat' dir='ltr'>terrarum</span> <span class='ocrx_word' id='word_1_536' title='bbox 1857 2271 2075 2308; x_wconf 87' lang='lat' dir='ltr'>Civitatum</span> 
     </span>
     <span class='ocr_line' id='line_1_89' title="bbox 1123 2329 2073 2369; baseline 0.001 -1"><span class='ocrx_word' id='word_1_537' title='bbox 1123 2332 1338 2368; x_wconf 67' lang='lat' dir='ltr'>vaticiniis.</span> <span class='ocrx_word' id='word_1_538' title='bbox 1370 2331 1495 2367; x_wconf 86' lang='lat' dir='ltr'>Venet</span> <span class='ocrx_word' id='word_1_539' title='bbox 1526 2329 1628 2368; x_wconf 87' lang='grc'>4547</span> <span class='ocrx_word' id='word_1_540' title='bbox 1655 2331 1688 2367; x_wconf 89' lang='lat'>4.</span> <span class='ocrx_word' id='word_1_541' title='bbox 1714 2330 1811 2368; x_wconf 82' lang='lat' dir='ltr'>Vide</span> <span class='ocrx_word' id='word_1_542' title='bbox 1832 2330 1963 2369; x_wconf 81' lang='lat' dir='ltr'>Woltii</span> <span class='ocrx_word' id='word_1_543' title='bbox 1984 2331 2073 2369; x_wconf 83' lang='lat' dir='ltr'>lect.</span> 
     </span>
     <span class='ocr_line' id='line_1_90' title="bbox 1124 2391 1759 2440; baseline -0.002 -11"><span class='ocrx_word' id='word_1_544' title='bbox 1124 2392 1332 2429; x_wconf 87' lang='lat' dir='ltr'>morabiles</span> <span class='ocrx_word' id='word_1_545' title='bbox 1361 2396 1456 2428; x_wconf 86' lang='lat' dir='ltr'>tom.</span> <span class='ocrx_word' id='word_1_546' title='bbox 1488 2393 1522 2438; x_wconf 90' lang='lat'>4,</span> <span class='ocrx_word' id='word_1_547' title='bbox 1553 2401 1638 2440; x_wconf 86' lang='lat' dir='ltr'>pag.</span> <span class='ocrx_word' id='word_1_548' title='bbox 1671 2391 1759 2428; x_wconf 87' lang='lat'>488.</span> 
     </span>
    </p>

    <p class='ocr_par' dir='ltr' id='par_1_10' title="bbox 1112 2451 2077 3176">
     <span class='ocr_line' id='line_1_91' title="bbox 1179 2451 2075 2502; baseline 0 -11"><span class='ocrx_word' id='word_1_549' title='bbox 1179 2454 1306 2502; x_wconf 87' lang='lat' dir='ltr'>Super</span> <span class='ocrx_word' id='word_1_550' title='bbox 1339 2451 1554 2490; x_wconf 87' lang='lat' dir='ltr'>Jeremiam</span> <span class='ocrx_word' id='word_1_551' title='bbox 1601 2452 1833 2502; x_wconf 86' lang='lat' dir='ltr'>Prophetam</span> <span class='ocrx_word' id='word_1_552' title='bbox 1853 2484 1861 2500; x_wconf 83' lang='lat'>,</span> <span class='ocrx_word' id='word_1_553' title='bbox 1893 2453 1939 2491; x_wconf 85' lang='lat' dir='ltr'>ad</span> <span class='ocrx_word' id='word_1_554' title='bbox 1973 2454 2075 2492; x_wconf 87' lang='lat' dir='ltr'>Hen-</span> 
     </span>
     <span class='ocr_line' id='line_1_92' title="bbox 1126 2514 2077 2563; baseline 0.001 -12"><span class='ocrx_word' id='word_1_555' title='bbox 1126 2517 1250 2553; x_wconf 86' lang='lat' dir='ltr'>ricum</span> <span class='ocrx_word' id='word_1_556' title='bbox 1280 2515 1342 2552; x_wconf 90' lang='lat' dir='ltr'>Vl.</span> <span class='ocrx_word' id='word_1_557' title='bbox 1374 2515 1470 2563; x_wconf 83' lang='lat' dir='ltr'>Imp.</span> <span class='ocrx_word' id='word_1_558' title='bbox 1502 2514 1640 2552; x_wconf 79' lang='lat' dir='ltr'>Venet.</span> <span class='ocrx_word' id='word_1_559' title='bbox 1673 2515 1774 2552; x_wconf 89' lang='grc'>4549</span> <span class='ocrx_word' id='word_1_560' title='bbox 1807 2515 1908 2553; x_wconf 71' lang='lat'>4525</span> <span class='ocrx_word' id='word_1_561' title='bbox 1940 2516 1974 2552; x_wconf 92' lang='lat'>4.</span> <span class='ocrx_word' id='word_1_562' title='bbox 2004 2515 2077 2553; x_wconf 93' lang='lat' dir='ltr'>Co-</span> 
     </span>
     <span class='ocr_line' id='line_1_93' title="bbox 1124 2574 2075 2625; baseline -0.001 -11"><span class='ocrx_word' id='word_1_563' title='bbox 1124 2576 1200 2614; x_wconf 94' lang='lat' dir='ltr'>lon.</span> <span class='ocrx_word' id='word_1_564' title='bbox 1232 2574 1333 2614; x_wconf 81' lang='lat'>4577</span> <span class='ocrx_word' id='word_1_565' title='bbox 1363 2576 1386 2612; x_wconf 92' lang='grc'>8</span> <span class='ocrx_word' id='word_1_566' title='bbox 1417 2575 1479 2612; x_wconf 90' lang='lat' dir='ltr'>ubi</span> <span class='ocrx_word' id='word_1_567' title='bbox 1506 2576 1608 2612; x_wconf 89' lang='lat' dir='ltr'>inter</span> <span class='ocrx_word' id='word_1_568' title='bbox 1631 2575 1703 2613; x_wconf 88' lang='lat' dir='ltr'>alia</span> <span class='ocrx_word' id='word_1_569' title='bbox 1734 2575 1911 2625; x_wconf 85' lang='lat' dir='ltr'>disputat</span> <span class='ocrx_word' id='word_1_570' title='bbox 1942 2575 2075 2614; x_wconf 84' lang='lat' dir='ltr'>Eccle-</span> 
     </span>
     <span class='ocr_line' id='line_1_94' title="bbox 1126 2635 2077 2687; baseline -0.002 -12"><span class='ocrx_word' id='word_1_571' title='bbox 1126 2636 1226 2675; x_wconf 83' lang='lat' dir='ltr'>siam</span> <span class='ocrx_word' id='word_1_572' title='bbox 1259 2635 1486 2683; x_wconf 84' lang='lat' dir='ltr'>Carnalem,</span> <span class='ocrx_word' id='word_1_573' title='bbox 1519 2647 1622 2686; x_wconf 88' lang='lat' dir='ltr'>quae</span> <span class='ocrx_word' id='word_1_574' title='bbox 1647 2648 1748 2674; x_wconf 81' lang='lat' dir='ltr'>nova</span> <span class='ocrx_word' id='word_1_575' title='bbox 1776 2635 1951 2687; x_wconf 77' lang='lat' dir='ltr'>Babylon</span> <span class='ocrx_word' id='word_1_576' title='bbox 1978 2647 2077 2674; x_wconf 82' lang='lat' dir='ltr'>nun-</span> 
     </span>
     <span class='ocr_line' id='line_1_95' title="bbox 1123 2696 2076 2748; baseline -0.001 -13"><span class='ocrx_word' id='word_1_577' title='bbox 1123 2702 1316 2748; x_wconf 79' lang='lat' dir='ltr'>cupatur,</span> <span class='ocrx_word' id='word_1_578' title='bbox 1353 2696 1438 2748; x_wconf 83' lang='lat' dir='ltr'>fore</span> <span class='ocrx_word' id='word_1_579' title='bbox 1485 2696 1634 2748; x_wconf 77' lang='lat' dir='ltr'>triplici</span> <span class='ocrx_word' id='word_1_580' title='bbox 1670 2696 1968 2748; x_wconf 76' lang='lat' dir='ltr'>percutiendam</span> <span class='ocrx_word' id='word_1_581' title='bbox 2002 2697 2076 2748; x_wconf 78' lang='lat' dir='ltr'>fla-</span> 
     </span>
     <span class='ocr_line' id='line_1_96' title="bbox 1119 2756 2073 2809; baseline -0.002 -13"><span class='ocrx_word' id='word_1_582' title='bbox 1119 2758 1239 2809; x_wconf 69' lang='lat' dir='ltr'>yello:</span> <span class='ocrx_word' id='word_1_583' title='bbox 1284 2757 1558 2808; x_wconf 74' lang='lat' dir='ltr'>temporalium</span> <span class='ocrx_word' id='word_1_584' title='bbox 1595 2758 1745 2797; x_wconf 77' lang='lat' dir='ltr'>scilicet</span> <span class='ocrx_word' id='word_1_585' title='bbox 1785 2758 1994 2797; x_wconf 82' lang='lat' dir='ltr'>amissione</span> <span class='ocrx_word' id='word_1_586' title='bbox 2023 2756 2073 2795; x_wconf 82' lang='lat' dir='ltr'>ab</span> 
     </span>
     <span class='ocr_line' id='line_1_97' title="bbox 1122 2819 2071 2869; baseline -0.001 -12"><span class='ocrx_word' id='word_1_587' title='bbox 1122 2819 1432 2858; x_wconf 79' lang='lat' dir='ltr'>Alemannorum</span> <span class='ocrx_word' id='word_1_588' title='bbox 1462 2820 1661 2869; x_wconf 74' lang='lat' dir='ltr'>Imperia,</span> <span class='ocrx_word' id='word_1_589' title='bbox 1693 2820 1860 2858; x_wconf 84' lang='lat' dir='ltr'>secundo</span> <span class='ocrx_word' id='word_1_590' title='bbox 1891 2819 2071 2866; x_wconf 80' lang='lat' dir='ltr'>haeresi,</span> 
     </span>
     <span class='ocr_line' id='line_1_98' title="bbox 1126 2880 2074 2931; baseline -0.001 -13"><span class='ocrx_word' id='word_1_591' title='bbox 1126 2885 1164 2919; x_wconf 77' lang='lat' dir='ltr'>et</span> <span class='ocrx_word' id='word_1_592' title='bbox 1201 2880 1418 2931; x_wconf 80' lang='lat' dir='ltr'>praecipue</span> <span class='ocrx_word' id='word_1_593' title='bbox 1460 2893 1486 2917; x_wconf 90' lang='lat' dir='ltr'>a</span> <span class='ocrx_word' id='word_1_594' title='bbox 1536 2880 1774 2928; x_wconf 81' lang='lat' dir='ltr'>Patarenis,</span> <span class='ocrx_word' id='word_1_595' title='bbox 1818 2880 1864 2919; x_wconf 82' lang='lat' dir='ltr'>de</span> <span class='ocrx_word' id='word_1_596' title='bbox 1905 2891 2074 2931; x_wconf 84' lang='lat' dir='ltr'>quorum</span> 
     </span>
     <span class='ocr_line' id='line_1_99' title="bbox 1121 2941 2065 2991; baseline -0.002 -11"><span class='ocrx_word' id='word_1_597' title='bbox 1121 2945 1227 2981; x_wconf 80' lang='lat' dir='ltr'>secta</span> <span class='ocrx_word' id='word_1_598' title='bbox 1263 2945 1341 2979; x_wconf 80' lang='lat' dir='ltr'>erit</span> <span class='ocrx_word' id='word_1_599' title='bbox 1377 2941 1565 2991; x_wconf 73' lang='lat' dir='ltr'>mysticus</span> <span class='ocrx_word' id='word_1_600' title='bbox 1608 2941 1898 2980; x_wconf 81' lang='lat' dir='ltr'>Antichristus:</span> <span class='ocrx_word' id='word_1_601' title='bbox 1927 2941 2065 2987; x_wconf 80' lang='lat' dir='ltr'>tertio,</span> 
     </span>
     <span class='ocr_line' id='line_1_100' title="bbox 1116 3000 2069 3054; baseline 0 -14"><span class='ocrx_word' id='word_1_602' title='bbox 1116 3002 1247 3054; x_wconf 72' lang='lat' dir='ltr'>yladio</span> <span class='ocrx_word' id='word_1_603' title='bbox 1275 3000 1326 3039; x_wconf 84' lang='lat' dir='ltr'>ab</span> <span class='ocrx_word' id='word_1_604' title='bbox 1355 3000 1582 3051; x_wconf 80' lang='lat' dir='ltr'>Inficlelibus</span> <span class='ocrx_word' id='word_1_605' title='bbox 1611 3006 1649 3040; x_wconf 77' lang='lat' dir='ltr'>et</span> <span class='ocrx_word' id='word_1_606' title='bbox 1669 3002 1906 3052; x_wconf 73' lang='lat' dir='ltr'>praesertim</span> <span class='ocrx_word' id='word_1_607' title='bbox 1930 3001 2069 3040; x_wconf 67' lang='grc' dir='ltr'><em>Μαλια-</em></span> 
     </span>
     <span class='ocr_line' id='line_1_101' title="bbox 1118 3062 2068 3113; baseline -0.001 -12"><span class='ocrx_word' id='word_1_608' title='bbox 1118 3063 1295 3102; x_wconf 81' lang='lat' dir='ltr'>metanis.</span> <span class='ocrx_word' id='word_1_609' title='bbox 1333 3062 1387 3100; x_wconf 82' lang='lat' dir='ltr'>Hi</span> <span class='ocrx_word' id='word_1_610' title='bbox 1422 3066 1502 3100; x_wconf 78' lang='lat' dir='ltr'>tres</span> <span class='ocrx_word' id='word_1_611' title='bbox 1541 3062 1660 3100; x_wconf 82' lang='lat' dir='ltr'>simul</span> <span class='ocrx_word' id='word_1_612' title='bbox 1691 3063 1898 3113; x_wconf 74' lang='lat' dir='ltr'>insuryent</span> <span class='ocrx_word' id='word_1_613' title='bbox 1929 3066 2068 3101; x_wconf 79' lang='lat' dir='ltr'>contra</span> 
     </span>
     <span class='ocr_line' id='line_1_102' title="bbox 1112 3124 2072 3176; baseline -0.002 -14"><span class='ocrx_word' id='word_1_614' title='bbox 1112 3124 1372 3176; x_wconf 69' lang='lat' dir='ltr'>fornicariam</span> <span class='ocrx_word' id='word_1_615' title='bbox 1394 3154 1400 3170; x_wconf 69' lang='grc'>.</span> <span class='ocrx_word' id='word_1_616' title='bbox 1427 3128 1470 3161; x_wconf 80' lang='lat' dir='ltr'>ut</span> <span class='ocrx_word' id='word_1_617' title='bbox 1498 3135 1584 3162; x_wconf 83' lang='lat' dir='ltr'>eam</span> <span class='ocrx_word' id='word_1_618' title='bbox 1606 3124 1765 3174; x_wconf 79' lang='lat' dir='ltr'>penitus</span> <span class='ocrx_word' id='word_1_619' title='bbox 1790 3127 2072 3175; x_wconf 77' lang='lat' dir='ltr'>prosternant,</span> 
     </span>
    </p>
   </div>
   <div class='ocr_carea' id='block_1_5' title="bbox 1685 3207 1747 3244">
    <p class='ocr_par' dir='ltr' id='par_1_11' title="bbox 1685 3207 1747 3244">
     <span class='ocr_line' id='line_1_103' title="bbox 1685 3207 1747 3244; baseline 0 0"><span class='ocrx_word' id='word_1_620' title='bbox 1685 3207 1747 3244; x_wconf 75' lang='lat'>424</span> 
     </span>
    </p>
   </div>
  </div>
 </body>
</html>
