<?xml version="1.0" encoding="UTF-8"?>
<!DOCTYPE html PUBLIC "-//W3C//DTD XHTML 1.0 Transitional//EN"
    "http://www.w3.org/TR/xhtml1/DTD/xhtml1-transitional.dtd">
<html xmlns="http://www.w3.org/1999/xhtml" xml:lang="en" lang="en">
 <head>
  <title>
</title>
<meta http-equiv="Content-Type" content="text/html;charset=utf-8" />
  <meta name='ocr-system' content='tesseract 3.04.00' />
  <meta name='ocr-capabilities' content='ocr_page ocr_carea ocr_par ocr_line ocrx_word'/>
</head>
<body>
  <div class='ocr_page' id='page_1' title='image "./bibliothecalatin03fabruoft/bibliothecalatin03fabruoft_0276.png"; bbox 0 0 2293 3494; ppageno 0'>
   <div class='ocr_carea' id='block_1_1' title="bbox 196 145 1146 2666">
    <p class='ocr_par' dir='ltr' id='par_1_1' title="bbox 196 145 1144 1491">
     <span class='ocr_line' id='line_1_1' title="bbox 205 145 282 184; baseline -0.013 0"><span class='ocrx_word' id='word_1_1' title='bbox 205 145 282 184; x_wconf 77' lang='lat'><em>270</em></span> 
     </span>
     <span class='ocr_line' id='line_1_2' title="bbox 257 206 1139 268; baseline -0.009 -13"><span class='ocrx_word' id='word_1_2' title='bbox 257 213 463 267; x_wconf 75' lang='lat' dir='ltr'><em>Speculum</em></span> <span class='ocrx_word' id='word_1_3' title='bbox 498 208 752 268; x_wconf 55' lang='lat' dir='ltr'><em>sacerdotum}</em></span> <span class='ocrx_word' id='word_1_4' title='bbox 775 210 811 245; x_wconf 80' lang='lat' dir='ltr'><em>et</em></span> <span class='ocrx_word' id='word_1_5' title='bbox 837 206 1035 246; x_wconf 84' lang='lat' dir='ltr'><em>Eccleszae</em></span> <span class='ocrx_word' id='word_1_6' title='bbox 1052 238 1061 254; x_wconf 92' lang='lat'>‚</span> <span class='ocrx_word' id='word_1_7' title='bbox 1091 209 1139 247; x_wconf 89' lang='lat' dir='ltr'><em>de</em></span> 
     </span>
     <span class='ocr_line' id='line_1_3' title="bbox 205 268 1137 320; baseline -0.01 -5"><span class='ocrx_word' id='word_1_8' title='bbox 205 277 388 320; x_wconf 80' lang='lat' dir='ltr'><em>Svmbolo</em></span> <span class='ocrx_word' id='word_1_9' title='bbox 425 278 463 310; x_wconf 81' lang='lat' dir='ltr'><em>et</em></span> <span class='ocrx_word' id='word_1_10' title='bbox 504 270 638 308; x_wconf 85' lang='lat' dir='ltr'><em>Officio</em></span> <span class='ocrx_word' id='word_1_11' title='bbox 681 270 832 307; x_wconf 82' lang='lat' dir='ltr'><em>Missae.</em></span> <span class='ocrx_word' id='word_1_12' title='bbox 870 268 991 319; x_wconf 91' lang='lat' dir='ltr'><em>Lugd.</em></span> <span class='ocrx_word' id='word_1_13' title='bbox 1022 269 1137 308; x_wconf 76' lang='grc'>4554.</span> 
     </span>
     <span class='ocr_line' id='line_1_4' title="bbox 237 319 1136 383; baseline -0.009 -8"><span class='ocrx_word' id='word_1_14' title='bbox 237 319 367 376; x_wconf 58' lang='lat' dir='ltr'><em>vHisce</em></span> <span class='ocrx_word' id='word_1_15' title='bbox 403 332 505 383; x_wconf 89' lang='lat' dir='ltr'><em>apud</em></span> <span class='ocrx_word' id='word_1_16' title='bbox 546 331 748 376; x_wconf 83' lang='lat' dir='ltr'><em>Quetifum</em></span> <span class='ocrx_word' id='word_1_17' title='bbox 790 335 883 368; x_wconf 88' lang='lat' dir='ltr'><em>tom.</em></span> <span class='ocrx_word' id='word_1_18' title='bbox 916 332 949 368; x_wconf 92' lang='grc'><em>4.</em></span> <span class='ocrx_word' id='word_1_19' title='bbox 981 342 1016 380; x_wconf 89' lang='lat' dir='ltr'><em>p.</em></span> <span class='ocrx_word' id='word_1_20' title='bbox 1048 330 1136 369; x_wconf 83' lang='grc'>202.</span> 
     </span>
     <span class='ocr_line' id='line_1_5' title="bbox 205 391 1138 447; baseline -0.005 -13"><span class='ocrx_word' id='word_1_21' title='bbox 205 411 284 447; x_wconf 73' lang='lat' dir='ltr'><em>seq.</em></span> <span class='ocrx_word' id='word_1_22' title='bbox 313 395 521 437; x_wconf 79' lang='lat' dir='ltr'><em>adduntur⁷</em></span> <span class='ocrx_word' id='word_1_23' title='bbox 539 391 686 442; x_wconf 59' lang='lat' dir='ltr'><em>Regiula</em></span> <span class='ocrx_word' id='word_1_24' title='bbox 707 391 1014 431; x_wconf 79' lang='lat' dir='ltr'><em>Carmelitarum</em></span> <span class='ocrx_word' id='word_1_25' title='bbox 1034 403 1138 430; x_wconf 88' lang='lat' dir='ltr'><em>reco-</em></span> 
     </span>
     <span class='ocr_line' id='line_1_6' title="bbox 199 454 1140 510; baseline -0.005 -13"><span class='ocrx_word' id='word_1_26' title='bbox 199 460 324 510; x_wconf 75' lang='lat' dir='ltr'><em>9nita‚</em></span> <span class='ocrx_word' id='word_1_27' title='bbox 354 467 471 506; x_wconf 83' lang='lat' dir='ltr'><em>quam</em></span> <span class='ocrx_word' id='word_1_28' title='bbox 501 456 754 492; x_wconf 69' lang='lat' dir='ltr'>Innocentius</span> <span class='ocrx_word' id='word_1_29' title='bbox 785 455 844 492; x_wconf 78' lang='lat' dir='ltr'><em>lv.</em></span> <span class='ocrx_word' id='word_1_30' title='bbox 879 454 1020 492; x_wconf 86' lang='lat' dir='ltr'><em>deinde</em></span> <span class='ocrx_word' id='word_1_31' title='bbox 1049 465 1140 492; x_wconf 91' lang='lat' dir='ltr'><em>con-</em></span> 
     </span>
     <span class='ocr_line' id='line_1_7' title="bbox 202 514 1144 566; baseline -0.003 -8"><span class='ocrx_word' id='word_1_32' title='bbox 202 521 384 558; x_wconf 83' lang='lat' dir='ltr'><em>firmavit.</em></span> <span class='ocrx_word' id='word_1_33' title='bbox 429 518 642 555; x_wconf 82' lang='lat' dir='ltr'><em>Processus</em></span> <span class='ocrx_word' id='word_1_34' title='bbox 674 515 712 553; x_wconf 80' lang='lat' dir='ltr'><em>in</em></span> <span class='ocrx_word' id='word_1_35' title='bbox 756 514 899 553; x_wconf 84' lang='lat' dir='ltr'><em>librum</em></span> <span class='ocrx_word' id='word_1_36' title='bbox 936 516 1144 566; x_wconf 74' lang='lat' dir='ltr'><em>Evanyelii</em></span> 
     </span>
     <span class='ocr_line' id='line_1_8' title="bbox 200 576 1141 630; baseline -0.001 -12"><span class='ocrx_word' id='word_1_37' title='bbox 200 579 360 618; x_wconf 84' lang='lat' dir='ltr'><em>aeterni.</em></span> <span class='ocrx_word' id='word_1_38' title='bbox 382 577 604 630; x_wconf 83' lang='lat' dir='ltr'><em>Diplomata</em></span> <span class='ocrx_word' id='word_1_39' title='bbox 627 577 671 615; x_wconf 81' lang='lat' dir='ltr'><em>de</em></span> <span class='ocrx_word' id='word_1_40' title='bbox 689 576 784 629; x_wconf 83' lang='lat' dir='ltr'><em>festo</em></span> <span class='ocrx_word' id='word_1_41' title='bbox 803 578 989 629; x_wconf 78' lang='lat' dir='ltr'><em>Corporis</em></span> <span class='ocrx_word' id='word_1_42' title='bbox 1015 578 1141 617; x_wconf 85' lang='lat' dir='ltr'><em>CHri-</em></span> 
     </span>
     <span class='ocr_line' id='line_1_9' title="bbox 199 639 1141 679; baseline -0.001 0"><span class='ocrx_word' id='word_1_43' title='bbox 199 641 252 679; x_wconf 84' lang='lat' dir='ltr'><em>sti</em></span> <span class='ocrx_word' id='word_1_44' title='bbox 271 644 308 679; x_wconf 87' lang='lat' dir='ltr'><em>et</em></span> <span class='ocrx_word' id='word_1_45' title='bbox 332 640 377 678; x_wconf 80' lang='lat' dir='ltr'><em>sle</em></span> <span class='ocrx_word' id='word_1_46' title='bbox 400 639 639 679; x_wconf 80' lang='lat' dir='ltr'><em>solemnitate</em></span> <span class='ocrx_word' id='word_1_47' title='bbox 657 641 699 677; x_wconf 90' lang='grc' dir='ltr'><em>Β.</em></span> <span class='ocrx_word' id='word_1_48' title='bbox 726 639 919 677; x_wconf 81' lang='lat' dir='ltr'><em>Dominici</em></span> <span class='ocrx_word' id='word_1_49' title='bbox 942 639 1141 679; x_wconf 84' lang='lat' dir='ltr'><em>celebran-</em></span> 
     </span>
     <span class='ocr_line' id='line_1_10' title="bbox 199 700 1142 753; baseline 0.001 -13"><span class='ocrx_word' id='word_1_50' title='bbox 199 702 269 741; x_wconf 81' lang='lat' dir='ltr'><em>dis.</em></span> <span class='ocrx_word' id='word_1_51' title='bbox 294 704 455 742; x_wconf 86' lang='lat' dir='ltr'><em>Summa</em></span> <span class='ocrx_word' id='word_1_52' title='bbox 479 701 524 740; x_wconf 86' lang='lat' dir='ltr'><em>ule</em></span> <span class='ocrx_word' id='word_1_53' title='bbox 542 700 722 741; x_wconf 77' lang='lat' dir='ltr'><em>Casibus.</em></span> <span class='ocrx_word' id='word_1_54' title='bbox 744 701 1009 740; x_wconf 73' lang='lat' dir='ltr'><em>Seminarium</em></span> <span class='ocrx_word' id='word_1_55' title='bbox 1023 714 1142 753; x_wconf 82' lang='lat' dir='ltr'><em>prae—</em></span> 
     </span>
     <span class='ocr_line' id='line_1_11' title="bbox 199 763 1140 815; baseline 0 -13"><span class='ocrx_word' id='word_1_56' title='bbox 199 764 414 803; x_wconf 75' lang='lat' dir='ltr'><em>dicationis.</em></span> <span class='ocrx_word' id='word_1_57' title='bbox 440 764 495 802; x_wconf 87' lang='lat' dir='ltr'><em>De</em></span> <span class='ocrx_word' id='word_1_58' title='bbox 513 774 648 815; x_wconf 71' lang='lat' dir='ltr'><em>puyna</em></span> <span class='ocrx_word' id='word_1_59' title='bbox 675 763 871 802; x_wconf 75' lang='lat' dir='ltr'><em>Virtutum</em></span> <span class='ocrx_word' id='word_1_60' title='bbox 888 768 925 802; x_wconf 86' lang='lat' dir='ltr'><em>et</em></span> <span class='ocrx_word' id='word_1_61' title='bbox 942 764 1140 803; x_wconf 76' lang='lat' dir='ltr'><em>vitiorum.</em></span> 
     </span>
     <span class='ocr_line' id='line_1_12' title="bbox 252 825 1142 876; baseline 0 -11"><span class='ocrx_word' id='word_1_62' title='bbox 252 825 390 865; x_wconf 80' lang='lat' dir='ltr'>HL&#39;GO</span> <span class='ocrx_word' id='word_1_63' title='bbox 418 825 464 863; x_wconf 86' lang='lat' dir='ltr'><em>de</em></span> <span class='ocrx_word' id='word_1_64' title='bbox 494 825 634 864; x_wconf 78' lang='lat' dir='ltr'><em>Castro</em></span> <span class='ocrx_word' id='word_1_65' title='bbox 665 825 772 863; x_wconf 67' lang='lat' dir='ltr'><em>Novo</em></span> <span class='ocrx_word' id='word_1_66' title='bbox 803 827 840 863; x_wconf 90' lang='lat' dir='ltr'><em>in</em></span> <span class='ocrx_word' id='word_1_67' title='bbox 869 826 1032 876; x_wconf 75' lang='lat' dir='ltr'><em>Anglia,</em></span> <span class='ocrx_word' id='word_1_68' title='bbox 1065 828 1142 865; x_wconf 87' lang='lat' dir='ltr'><em>Du-</em></span> 
     </span>
     <span class='ocr_line' id='line_1_13' title="bbox 199 888 1141 935; baseline 0.001 -9"><span class='ocrx_word' id='word_1_69' title='bbox 199 889 413 927; x_wconf 89' lang='lat' dir='ltr'><em>nelmensis</em></span> <span class='ocrx_word' id='word_1_70' title='bbox 433 889 645 935; x_wconf 67' lang='lat' dir='ltr'><em>dios-cesis,</em></span> <span class='ocrx_word' id='word_1_71' title='bbox 669 889 846 926; x_wconf 80' lang='lat' dir='ltr'><em>Minorita</em></span> <span class='ocrx_word' id='word_1_72' title='bbox 878 889 978 927; x_wconf 89' lang='lat' dir='ltr'><em>inter</em></span> <span class='ocrx_word' id='word_1_73' title='bbox 1007 888 1141 927; x_wconf 85' lang='lat' dir='ltr'><em>defen-</em></span> 
     </span>
     <span class='ocr_line' id='line_1_14' title="bbox 198 950 1139 989; baseline 0 -1"><span class='ocrx_word' id='word_1_74' title='bbox 198 962 307 989; x_wconf 87' lang='lat' dir='ltr'><em>sores</em></span> <span class='ocrx_word' id='word_1_75' title='bbox 329 952 506 989; x_wconf 87' lang='lat' dir='ltr'><em>Doctoris</em></span> <span class='ocrx_word' id='word_1_76' title='bbox 531 950 686 989; x_wconf 90' lang='lat' dir='ltr'><em>subtilis</em></span> <span class='ocrx_word' id='word_1_77' title='bbox 717 951 801 988; x_wconf 86' lang='lat' dir='ltr'><em>sive</em></span> <span class='ocrx_word' id='word_1_78' title='bbox 839 950 999 988; x_wconf 89' lang='lat' dir='ltr'><em>Joannis</em></span> <span class='ocrx_word' id='word_1_79' title='bbox 1037 951 1139 988; x_wconf 89' lang='lat' dir='ltr'><em>Scoti</em></span> 
     </span>
     <span class='ocr_line' id='line_1_15' title="bbox 198 1009 1141 1060; baseline -0.003 -11"><span class='ocrx_word' id='word_1_80' title='bbox 198 1011 271 1049; x_wconf 82' lang='lat' dir='ltr'><em>An.</em></span> <span class='ocrx_word' id='word_1_81' title='bbox 310 1011 408 1049; x_wconf 87' lang='grc'>4310</span> <span class='ocrx_word' id='word_1_82' title='bbox 453 1010 552 1048; x_wconf 82' lang='grc'>4322</span> <span class='ocrx_word' id='word_1_83' title='bbox 582 1009 629 1048; x_wconf 89' lang='lat' dir='ltr'><em>ad</em></span> <span class='ocrx_word' id='word_1_84' title='bbox 659 1020 759 1060; x_wconf 87' lang='lat' dir='ltr'><em>quos</em></span> <span class='ocrx_word' id='word_1_85' title='bbox 789 1020 912 1047; x_wconf 77' lang='lat' dir='ltr'><em>annos</em></span> <span class='ocrx_word' id='word_1_86' title='bbox 942 1009 1141 1047; x_wconf 84' lang='lat' dir='ltr'><em>videndus</em></span> 
     </span>
     <span class='ocr_line' id='line_1_16' title="bbox 200 1071 1141 1122; baseline -0.002 -12"><span class='ocrx_word' id='word_1_87' title='bbox 200 1072 446 1122; x_wconf 81' lang='lat' dir='ltr'><em>Waddingus</em></span> <span class='ocrx_word' id='word_1_88' title='bbox 480 1077 572 1110; x_wconf 89' lang='lat' dir='ltr'><em>tom.</em></span> <span class='ocrx_word' id='word_1_89' title='bbox 604 1073 638 1110; x_wconf 87' lang='lat'><em>3.</em></span> <span class='ocrx_word' id='word_1_90' title='bbox 675 1071 816 1110; x_wconf 77' lang='lat' dir='ltr'><em>Annal.</em></span> <span class='ocrx_word' id='word_1_91' title='bbox 847 1071 1011 1120; x_wconf 80' lang='lat' dir='ltr'><em>Scripsit</em></span> <span class='ocrx_word' id='word_1_92' title='bbox 1038 1075 1141 1108; x_wconf 86' lang='lat' dir='ltr'><em>teste</em></span> 
     </span>
     <span class='ocr_line' id='line_1_17' title="bbox 198 1132 1143 1172; baseline -0.004 0"><span class='ocrx_word' id='word_1_93' title='bbox 198 1134 312 1172; x_wconf 89' lang='lat' dir='ltr'><em>Baleo</em></span> <span class='ocrx_word' id='word_1_94' title='bbox 354 1134 416 1171; x_wconf 80' lang='lat' dir='ltr'><em>IV.</em></span> <span class='ocrx_word' id='word_1_95' title='bbox 447 1134 495 1171; x_wconf 88' lang='grc'><em>68</em></span> <span class='ocrx_word' id='word_1_96' title='bbox 524 1133 569 1171; x_wconf 83' lang='lat' dir='ltr'><em>(le</em></span> <span class='ocrx_word' id='word_1_97' title='bbox 607 1133 774 1171; x_wconf 83' lang='lat' dir='ltr'><em>victoria</em></span> <span class='ocrx_word' id='word_1_98' title='bbox 805 1132 971 1171; x_wconf 83' lang='lat' dir='ltr'><em>CHristi</em></span> <span class='ocrx_word' id='word_1_99' title='bbox 1006 1135 1143 1169; x_wconf 80' lang='lat' dir='ltr'><em>contra</em></span> 
     </span>
     <span class='ocr_line' id='line_1_18' title="bbox 196 1194 1141 1244; baseline 0 -12"><span class='ocrx_word' id='word_1_100' title='bbox 196 1195 495 1233; x_wconf 52' lang='lat' dir='ltr'><em>.›1ntich.ristum.</em></span> <span class='ocrx_word' id='word_1_101' title='bbox 521 1196 615 1234; x_wconf 85' lang='lat' dir='ltr'><em>Huic</em></span> <span class='ocrx_word' id='word_1_102' title='bbox 641 1196 795 1232; x_wconf 86' lang='lat' dir='ltr'><em>Pitseus</em></span> <span class='ocrx_word' id='word_1_103' title='bbox 819 1205 905 1244; x_wconf 91' lang='lat' dir='ltr'><em>pag.</em></span> <span class='ocrx_word' id='word_1_104' title='bbox 935 1194 1010 1233; x_wconf 76' lang='lat'><em>365</em></span> <span class='ocrx_word' id='word_1_105' title='bbox 1034 1194 1141 1232; x_wconf 82' lang='lat' dir='ltr'><em>addit</em></span> 
     </span>
     <span class='ocr_line' id='line_1_19' title="bbox 197 1254 1142 1306; baseline 0 -12"><span class='ocrx_word' id='word_1_106' title='bbox 197 1258 524 1295; x_wconf 89' lang='lat' dir='ltr'><em>commentarium</em></span> <span class='ocrx_word' id='word_1_107' title='bbox 555 1261 595 1294; x_wconf 92' lang='lat' dir='ltr'><em>et</em></span> <span class='ocrx_word' id='word_1_108' title='bbox 623 1257 832 1306; x_wconf 85' lang='lat' dir='ltr'><em>Reportata</em></span> <span class='ocrx_word' id='word_1_109' title='bbox 856 1267 896 1293; x_wconf 77' lang='lat' dir='ltr'><em>in</em></span> <span class='ocrx_word' id='word_1_110' title='bbox 928 1257 991 1294; x_wconf 88' lang='lat' dir='ltr'><em>IV.</em></span> <span class='ocrx_word' id='word_1_111' title='bbox 1022 1254 1142 1295; x_wconf 82' lang='lat' dir='ltr'><em>libros</em></span> 
     </span>
     <span class='ocr_line' id='line_1_20' title="bbox 197 1316 1143 1369; baseline -0.001 -12"><span class='ocrx_word' id='word_1_112' title='bbox 197 1319 472 1357; x_wconf 84' lang='lat' dir='ltr'><em>Sententiarun</em></span> <span class='ocrx_word' id='word_1_113' title='bbox 500 1323 539 1356; x_wconf 90' lang='lat' dir='ltr'><em>et</em></span> <span class='ocrx_word' id='word_1_114' title='bbox 579 1322 792 1356; x_wconf 87' lang='lat' dir='ltr'><em>tractatum</em></span> <span class='ocrx_word' id='word_1_115' title='bbox 824 1317 869 1355; x_wconf 84' lang='lat' dir='ltr'><em>(le</em></span> <span class='ocrx_word' id='word_1_116' title='bbox 895 1316 1010 1369; x_wconf 82' lang='lat' dir='ltr'><em>finali</em></span> <span class='ocrx_word' id='word_1_117' title='bbox 1034 1317 1143 1356; x_wconf 77' lang='lat' dir='ltr'><em>Judi-</em></span> 
     </span>
     <span class='ocr_line' id='line_1_21' title="bbox 196 1379 1142 1431; baseline 0.001 -13"><span class='ocrx_word' id='word_1_118' title='bbox 196 1380 265 1418; x_wconf 86' lang='lat' dir='ltr'><em>ci0.</em></span> <span class='ocrx_word' id='word_1_119' title='bbox 306 1381 383 1418; x_wconf 81' lang='lat' dir='ltr'><em>Nec</em></span> <span class='ocrx_word' id='word_1_120' title='bbox 413 1381 524 1431; x_wconf 88' lang='lat' dir='ltr'><em>plura</em></span> <span class='ocrx_word' id='word_1_121' title='bbox 555 1379 801 1429; x_wconf 86' lang='lat' dir='ltr'><em>Waddingus</em></span> <span class='ocrx_word' id='word_1_122' title='bbox 835 1382 871 1417; x_wconf 94' lang='lat' dir='ltr'><em>in</em></span> <span class='ocrx_word' id='word_1_123' title='bbox 905 1380 1142 1419; x_wconf 72' lang='lat' dir='ltr'><em>Bibliotheca</em></span> 
     </span>
     <span class='ocr_line' id='line_1_22' title="bbox 196 1441 1071 1491; baseline 0 -12"><span class='ocrx_word' id='word_1_124' title='bbox 196 1441 353 1480; x_wconf 83' lang='lat' dir='ltr'><em>Ordinis</em></span> <span class='ocrx_word' id='word_1_125' title='bbox 381 1443 514 1479; x_wconf 82' lang='lat' dir='ltr'><em>Minor.</em></span> <span class='ocrx_word' id='word_1_126' title='bbox 547 1453 580 1491; x_wconf 90' lang='lat' dir='ltr'><em>p.</em></span> <span class='ocrx_word' id='word_1_127' title='bbox 618 1442 689 1479; x_wconf 86' lang='grc'>479</span> <span class='ocrx_word' id='word_1_128' title='bbox 716 1452 788 1478; x_wconf 88' lang='lat' dir='ltr'><em>nec</em></span> <span class='ocrx_word' id='word_1_129' title='bbox 819 1442 1071 1479; x_wconf 78' lang='lat' dir='ltr'><em>possevinus.</em></span> 
     </span>
    </p>

    <p class='ocr_par' dir='ltr' id='par_1_2' title="bbox 198 1502 1145 1925">
     <span class='ocr_line' id='line_1_23' title="bbox 250 1502 1143 1541; baseline -0.001 0"><span class='ocrx_word' id='word_1_130' title='bbox 250 1504 271 1525; x_wconf 71' lang='lat'><em>*</em></span> <span class='ocrx_word' id='word_1_131' title='bbox 298 1503 341 1541; x_wconf 91' lang='lat' dir='ltr'><em>In</em></span> <span class='ocrx_word' id='word_1_132' title='bbox 373 1503 614 1541; x_wconf 79' lang='lat' dir='ltr'><em>Bibliotheca</em></span> <span class='ocrx_word' id='word_1_133' title='bbox 644 1502 930 1540; x_wconf 87' lang='lat' dir='ltr'><em>Benedictinor.</em></span> <span class='ocrx_word' id='word_1_134' title='bbox 961 1502 1143 1541; x_wconf 86' lang='lat' dir='ltr'><em>Coenobii</em></span> 
     </span>
     <span class='ocr_line' id='line_1_24' title="bbox 198 1564 1141 1604; baseline -0.002 0"><span class='ocrx_word' id='word_1_135' title='bbox 198 1566 236 1604; x_wconf 88' lang='lat' dir='ltr'><em>S.</em></span> <span class='ocrx_word' id='word_1_136' title='bbox 267 1567 314 1604; x_wconf 81' lang='lat' dir='ltr'><em>M.</em></span> <span class='ocrx_word' id='word_1_137' title='bbox 346 1566 552 1603; x_wconf 81' lang='lat' dir='ltr'><em>Scotorum</em></span> <span class='ocrx_word' id='word_1_138' title='bbox 591 1565 765 1603; x_wconf 72' lang='lat' dir='ltr'><em>Viennae</em></span> <span class='ocrx_word' id='word_1_139' title='bbox 807 1564 949 1602; x_wconf 85' lang='lat' dir='ltr'><em>offendi</em></span> <span class='ocrx_word' id='word_1_140' title='bbox 996 1565 1141 1602; x_wconf 87' lang='lat' dir='ltr'><em>librum</em></span> 
     </span>
     <span class='ocr_line' id='line_1_25' title="bbox 198 1625 1143 1665; baseline -0.001 -1"><span class='ocrx_word' id='word_1_141' title='bbox 198 1629 319 1665; x_wconf 87' lang='lat' dir='ltr'><em>istum</em></span> <span class='ocrx_word' id='word_1_142' title='bbox 348 1626 393 1665; x_wconf 82' lang='lat' dir='ltr'><em>de</em></span> <span class='ocrx_word' id='word_1_143' title='bbox 427 1625 596 1664; x_wconf 76' lang='lat' dir='ltr'><em>Victoria</em></span> <span class='ocrx_word' id='word_1_144' title='bbox 627 1625 754 1664; x_wconf 77' lang='lat' dir='ltr'><em>Clzisti</em></span> <span class='ocrx_word' id='word_1_145' title='bbox 779 1630 918 1664; x_wconf 84' lang='lat' dir='ltr'><em>contra</em></span> <span class='ocrx_word' id='word_1_146' title='bbox 942 1626 1143 1664; x_wconf 70' lang='lat' dir='ltr'><em>Antichri-</em></span> 
     </span>
     <span class='ocr_line' id='line_1_26' title="bbox 199 1688 1145 1737; baseline 0 -11"><span class='ocrx_word' id='word_1_147' title='bbox 199 1692 280 1726; x_wconf 81' lang='lat' dir='ltr'><em>tum</em></span> <span class='ocrx_word' id='word_1_148' title='bbox 316 1699 507 1727; x_wconf 74' lang='lat' dir='ltr'><em>excusum</em></span> <span class='ocrx_word' id='word_1_149' title='bbox 538 1699 598 1726; x_wconf 89' lang='lat' dir='ltr'><em>an.</em></span> <span class='ocrx_word' id='word_1_150' title='bbox 631 1688 743 1726; x_wconf 85' lang='grc'>4474.</span> <span class='ocrx_word' id='word_1_151' title='bbox 774 1688 924 1737; x_wconf 78' lang='lat' dir='ltr'><em>absque</em></span> <span class='ocrx_word' id='word_1_152' title='bbox 962 1689 1043 1726; x_wconf 92' lang='lat' dir='ltr'><em>loco</em></span> <span class='ocrx_word' id='word_1_153' title='bbox 1073 1690 1145 1726; x_wconf 87' lang='lat' dir='ltr'><em>im-</em></span> 
     </span>
     <span class='ocr_line' id='line_1_27' title="bbox 200 1749 1144 1800; baseline -0.002 -12"><span class='ocrx_word' id='word_1_154' title='bbox 200 1751 426 1800; x_wconf 86' lang='lat' dir='ltr'><em>pressionis.</em></span> <span class='ocrx_word' id='word_1_155' title='bbox 443 1749 594 1787; x_wconf 79' lang='lat' dir='ltr'><em>Author</em></span> <span class='ocrx_word' id='word_1_156' title='bbox 611 1749 1144 1799; x_wconf 69' lang='lat' dir='ltr'><em>praeferturJlaqisterHu90</em></span> 
     </span>
     <span class='ocr_line' id='line_1_28' title="bbox 199 1810 1144 1862; baseline 0.001 -13"><span class='ocrx_word' id='word_1_157' title='bbox 199 1811 245 1850; x_wconf 82' lang='lat' dir='ltr'><em>(le</em></span> <span class='ocrx_word' id='word_1_158' title='bbox 274 1823 368 1850; x_wconf 80' lang='lat' dir='ltr'><em>nouo</em></span> <span class='ocrx_word' id='word_1_159' title='bbox 394 1812 533 1851; x_wconf 86' lang='lat' dir='ltr'><em>Castro</em></span> <span class='ocrx_word' id='word_1_160' title='bbox 559 1810 823 1859; x_wconf 49' lang='lat' dir='ltr'><em>Parisiensis)</em></span> <span class='ocrx_word' id='word_1_161' title='bbox 847 1822 921 1849; x_wconf 91' lang='lat' dir='ltr'><em>non</em></span> <span class='ocrx_word' id='word_1_162' title='bbox 948 1823 1040 1862; x_wconf 87' lang='lat' dir='ltr'><em>ergo</em></span> <span class='ocrx_word' id='word_1_163' title='bbox 1064 1812 1144 1850; x_wconf 79' lang='lat' dir='ltr'><em>An-</em></span> 
     </span>
     <span class='ocr_line' id='line_1_29' title="bbox 199 1875 299 1925; baseline 0 -13"><span class='ocrx_word' id='word_1_164' title='bbox 199 1875 299 1925; x_wconf 86' lang='lat' dir='ltr'><em>glus.</em></span> 
     </span>
    </p>

    <p class='ocr_par' dir='ltr' id='par_1_3' title="bbox 201 1935 1146 2666">
     <span class='ocr_line' id='line_1_30' title="bbox 252 1935 1142 1985; baseline -0.002 -11"><span class='ocrx_word' id='word_1_165' title='bbox 252 1936 386 1975; x_wconf 81' lang='lat' dir='ltr'>HUGO</span> <span class='ocrx_word' id='word_1_166' title='bbox 414 1935 459 1974; x_wconf 84' lang='lat' dir='ltr'><em>de</em></span> <span class='ocrx_word' id='word_1_167' title='bbox 489 1935 652 1975; x_wconf 84' lang='lat' dir='ltr'><em>Cleeriis</em></span> <span class='ocrx_word' id='word_1_168' title='bbox 682 1936 790 1974; x_wconf 81' lang='lat' dir='ltr'><em>Miles</em></span> <span class='ocrx_word' id='word_1_169' title='bbox 820 1935 1142 1985; x_wconf 79' lang='lat' dir='ltr'><em>Andegavensis,</em></span> 
     </span>
     <span class='ocr_line' id='line_1_31' title="bbox 202 1997 1146 2037; baseline -0.002 0"><span class='ocrx_word' id='word_1_170' title='bbox 202 1999 384 2037; x_wconf 87' lang='lat' dir='ltr'><em>Fulconis</em></span> <span class='ocrx_word' id='word_1_171' title='bbox 420 1999 464 2037; x_wconf 69' lang='lat' dir='ltr'><em>V.</em></span> <span class='ocrx_word' id='word_1_172' title='bbox 505 1999 670 2036; x_wconf 89' lang='lat' dir='ltr'><em>Comitis</em></span> <span class='ocrx_word' id='word_1_173' title='bbox 701 1997 747 2035; x_wconf 89' lang='lat' dir='ltr'><em>ad</em></span> <span class='ocrx_word' id='word_1_174' title='bbox 787 1997 1030 2036; x_wconf 90' lang='lat' dir='ltr'><em>Ludovicum</em></span> <span class='ocrx_word' id='word_1_175' title='bbox 1073 1998 1146 2035; x_wconf 86' lang='lat' dir='ltr'><em>Re-</em></span> 
     </span>
     <span class='ocr_line' id='line_1_32' title="bbox 203 2059 1145 2110; baseline -0.001 -12"><span class='ocrx_word' id='word_1_176' title='bbox 203 2073 290 2107; x_wconf 85' lang='lat' dir='ltr'><em>gem</em></span> <span class='ocrx_word' id='word_1_177' title='bbox 320 2062 488 2110; x_wconf 87' lang='lat' dir='ltr'><em>Legatus</em></span> <span class='ocrx_word' id='word_1_178' title='bbox 522 2065 611 2110; x_wconf 89' lang='lat' dir='ltr'><em>post</em></span> <span class='ocrx_word' id='word_1_179' title='bbox 645 2060 804 2097; x_wconf 78' lang='lat' dir='ltr'><em>Annum</em></span> <span class='ocrx_word' id='word_1_180' title='bbox 844 2059 944 2098; x_wconf 84' lang='grc'>4420</span> <span class='ocrx_word' id='word_1_181' title='bbox 988 2061 1145 2110; x_wconf 78' lang='lat' dir='ltr'><em>scripsit</em></span> 
     </span>
     <span class='ocr_line' id='line_1_33' title="bbox 205 2120 1145 2173; baseline -0.002 -12"><span class='ocrx_word' id='word_1_182' title='bbox 205 2124 235 2162; x_wconf 87' lang='lat' dir='ltr'><em>C</em></span> <span class='ocrx_word' id='word_1_183' title='bbox 239 2121 535 2160; x_wconf 76' lang='lat' dir='ltr'><em>ommenturi‘zmi</em></span> <span class='ocrx_word' id='word_1_184' title='bbox 558 2121 603 2160; x_wconf 76' lang='lat' dir='ltr'><em>(le</em></span> <span class='ocrx_word' id='word_1_185' title='bbox 627 2122 828 2173; x_wconf 82' lang='lat' dir='ltr'><em>Majoratu</em></span> <span class='ocrx_word' id='word_1_186' title='bbox 856 2125 894 2159; x_wconf 84' lang='lat' dir='ltr'><em>ct</em></span> <span class='ocrx_word' id='word_1_187' title='bbox 919 2120 1145 2159; x_wconf 79' lang='lat' dir='ltr'><em>Senesclzal-</em></span> 
     </span>
     <span class='ocr_line' id='line_1_34' title="bbox 204 2182 1145 2234; baseline 0 -13"><span class='ocrx_word' id='word_1_188' title='bbox 204 2183 257 2222; x_wconf 74' lang='lat' dir='ltr'><em>lia</em></span> <span class='ocrx_word' id='word_1_189' title='bbox 280 2184 312 2221; x_wconf 94' lang='lat' dir='ltr'><em>F</em></span> <span class='ocrx_word' id='word_1_190' title='bbox 314 2184 487 2231; x_wconf 65' lang='lat' dir='ltr'><em>rancide,</em></span> <span class='ocrx_word' id='word_1_191' title='bbox 506 2183 807 2234; x_wconf 69' lang='lat' dir='ltr'><em>Ancleyuvorum</em></span> <span class='ocrx_word' id='word_1_192' title='bbox 824 2183 914 2221; x_wconf 83' lang='lat' dir='ltr'><em>olim</em></span> <span class='ocrx_word' id='word_1_193' title='bbox 932 2183 961 2221; x_wconf 89' lang='lat' dir='ltr'><em>C</em></span> <span class='ocrx_word' id='word_1_194' title='bbox 964 2182 1145 2222; x_wconf 81' lang='lat' dir='ltr'><em>omitibus</em></span> 
     </span>
     <span class='ocr_line' id='line_1_35' title="bbox 202 2245 1139 2284; baseline 0 -1"><span class='ocrx_word' id='word_1_195' title='bbox 202 2245 454 2283; x_wconf 76' lang='lat' dir='ltr'><em>hereditaria.</em></span> <span class='ocrx_word' id='word_1_196' title='bbox 489 2245 622 2284; x_wconf 81' lang='lat' dir='ltr'><em>Edidit</em></span> <span class='ocrx_word' id='word_1_197' title='bbox 656 2245 888 2283; x_wconf 85' lang='lat' dir='ltr'><em>Sirmondus</em></span> <span class='ocrx_word' id='word_1_198' title='bbox 920 2256 965 2283; x_wconf 89' lang='lat' dir='ltr'><em>ac</em></span> <span class='ocrx_word' id='word_1_199' title='bbox 991 2246 1139 2283; x_wconf 86' lang='lat' dir='ltr'><em>calcem</em></span> 
     </span>
     <span class='ocr_line' id='line_1_36' title="bbox 203 2307 1146 2357; baseline 0 -13"><span class='ocrx_word' id='word_1_200' title='bbox 203 2311 384 2344; x_wconf 82' lang='lat' dir='ltr'><em>notarum</em></span> <span class='ocrx_word' id='word_1_201' title='bbox 415 2309 453 2344; x_wconf 91' lang='lat' dir='ltr'><em>in</em></span> <span class='ocrx_word' id='word_1_202' title='bbox 487 2308 628 2345; x_wconf 88' lang='lat' dir='ltr'><em>librum</em></span> <span class='ocrx_word' id='word_1_203' title='bbox 660 2308 843 2356; x_wconf 85' lang='lat' dir='ltr'><em>quintum</em></span> <span class='ocrx_word' id='word_1_204' title='bbox 880 2307 1146 2357; x_wconf 80' lang='lat' dir='ltr'><em>Epistolarum</em></span> 
     </span>
     <span class='ocr_line' id='line_1_37' title="bbox 202 2368 1146 2407; baseline 0 -1"><span class='ocrx_word' id='word_1_205' title='bbox 202 2369 387 2406; x_wconf 86' lang='lat' dir='ltr'><em>Godifridi</em></span> <span class='ocrx_word' id='word_1_206' title='bbox 423 2368 694 2407; x_wconf 82' lang='lat' dir='ltr'><em>Vindociensis</em></span> <span class='ocrx_word' id='word_1_207' title='bbox 731 2370 850 2406; x_wconf 90' lang='lat' dir='ltr'><em>Paris.</em></span> <span class='ocrx_word' id='word_1_208' title='bbox 893 2369 1007 2407; x_wconf 88' lang='grc'>4640.</span> <span class='ocrx_word' id='word_1_209' title='bbox 1032 2368 1067 2407; x_wconf 87' lang='grc'><em>8.</em></span> <span class='ocrx_word' id='word_1_210' title='bbox 1107 2373 1146 2406; x_wconf 87' lang='lat' dir='ltr'><em>et</em></span> 
     </span>
     <span class='ocr_line' id='line_1_38' title="bbox 202 2429 1146 2480; baseline 0 -12"><span class='ocrx_word' id='word_1_211' title='bbox 202 2434 294 2468; x_wconf 87' lang='lat' dir='ltr'><em>tom.</em></span> <span class='ocrx_word' id='word_1_212' title='bbox 317 2431 351 2468; x_wconf 88' lang='lat'><em>3.</em></span> <span class='ocrx_word' id='word_1_213' title='bbox 377 2430 474 2480; x_wconf 90' lang='lat' dir='ltr'><em>Opp.</em></span> <span class='ocrx_word' id='word_1_214' title='bbox 504 2429 700 2468; x_wconf 81' lang='lat' dir='ltr'><em>Sirmondi</em></span> <span class='ocrx_word' id='word_1_215' title='bbox 731 2441 815 2480; x_wconf 88' lang='lat' dir='ltr'><em>pag.</em></span> <span class='ocrx_word' id='word_1_216' title='bbox 842 2430 929 2468; x_wconf 82' lang='lat'><em>875.</em></span> <span class='ocrx_word' id='word_1_217' title='bbox 956 2431 1031 2467; x_wconf 85' lang='lat'><em>878</em></span> <span class='ocrx_word' id='word_1_218' title='bbox 1058 2429 1146 2468; x_wconf 79' lang='lat' dir='ltr'><em>inde.</em></span> 
     </span>
     <span class='ocr_line' id='line_1_39' title="bbox 201 2491 1146 2542; baseline 0 -12"><span class='ocrx_word' id='word_1_219' title='bbox 201 2491 377 2530; x_wconf 78' lang='lat' dir='ltr'><em>Andreas</em></span> <span class='ocrx_word' id='word_1_220' title='bbox 397 2492 449 2530; x_wconf 89' lang='lat' dir='ltr'><em>du</em></span> <span class='ocrx_word' id='word_1_221' title='bbox 470 2492 624 2531; x_wconf 86' lang='lat' dir='ltr'><em>Chesne</em></span> <span class='ocrx_word' id='word_1_222' title='bbox 647 2496 740 2528; x_wconf 91' lang='lat' dir='ltr'><em>tom.</em></span> <span class='ocrx_word' id='word_1_223' title='bbox 768 2492 800 2528; x_wconf 83' lang='lat'><em>4.</em></span> <span class='ocrx_word' id='word_1_224' title='bbox 825 2493 992 2542; x_wconf 81' lang='lat' dir='ltr'><em>scriptor</em></span> <span class='ocrx_word' id='word_1_225' title='bbox 1017 2491 1064 2530; x_wconf 90' lang='lat' dir='ltr'><em>de</em></span> <span class='ocrx_word' id='word_1_226' title='bbox 1086 2503 1146 2530; x_wconf 84' lang='lat' dir='ltr'><em>re—</em></span> 
     </span>
     <span class='ocr_line' id='line_1_40' title="bbox 201 2552 1145 2603; baseline 0 -12"><span class='ocrx_word' id='word_1_227' title='bbox 201 2553 274 2591; x_wconf 84' lang='lat' dir='ltr'><em>bus</em></span> <span class='ocrx_word' id='word_1_228' title='bbox 296 2555 476 2592; x_wconf 87' lang='lat' dir='ltr'><em>Francor.</em></span> <span class='ocrx_word' id='word_1_229' title='bbox 500 2564 585 2603; x_wconf 90' lang='lat' dir='ltr'><em>pag.</em></span> <span class='ocrx_word' id='word_1_230' title='bbox 605 2553 679 2591; x_wconf 87' lang='grc'><em>328</em></span> <span class='ocrx_word' id='word_1_231' title='bbox 705 2557 744 2591; x_wconf 89' lang='lat' dir='ltr'><em>et</em></span> <span class='ocrx_word' id='word_1_232' title='bbox 768 2552 953 2592; x_wconf 85' lang='lat' dir='ltr'><em>Baluzius</em></span> <span class='ocrx_word' id='word_1_233' title='bbox 990 2559 1083 2592; x_wconf 85' lang='lat' dir='ltr'><em>tom.</em></span> <span class='ocrx_word' id='word_1_234' title='bbox 1111 2554 1145 2591; x_wconf 85' lang='lat'><em>4.</em></span> 
     </span>
     <span class='ocr_line' id='line_1_41' title="bbox 203 2615 591 2666; baseline -0.005 -13"><span class='ocrx_word' id='word_1_235' title='bbox 203 2615 362 2653; x_wconf 83' lang='lat' dir='ltr'><em>Miscell.</em></span> <span class='ocrx_word' id='word_1_236' title='bbox 386 2627 471 2666; x_wconf 87' lang='lat' dir='ltr'><em>pag.</em></span> <span class='ocrx_word' id='word_1_237' title='bbox 505 2615 591 2652; x_wconf 82' lang='lat'><em>479.</em></span> 
     </span>
    </p>
   </div>
   <div class='ocr_carea' id='block_1_2' title="bbox 253 2675 1182 2724">
    <p class='ocr_par' dir='ltr' id='par_1_4' title="bbox 253 2675 1182 2724">
     <span class='ocr_line' id='line_1_42' title="bbox 253 2675 1182 2724; baseline 0 -9"><span class='ocrx_word' id='word_1_238' title='bbox 253 2676 388 2715; x_wconf 90' lang='lat' dir='ltr'>HUGO</span> <span class='ocrx_word' id='word_1_239' title='bbox 412 2677 593 2714; x_wconf 88' lang='lat' dir='ltr'><em>Dalmatii</em></span> <span class='ocrx_word' id='word_1_240' title='bbox 609 2707 619 2724; x_wconf 73' lang='grc'>,</span> <span class='ocrx_word' id='word_1_241' title='bbox 645 2676 778 2715; x_wconf 86' lang='lat' dir='ltr'><em>Abbas</em></span> <span class='ocrx_word' id='word_1_242' title='bbox 804 2675 1074 2716; x_wconf 81' lang='lat' dir='ltr'><em>Clum‘acensis</em></span> <span class='ocrx_word' id='word_1_243' title='bbox 1098 2678 1146 2715; x_wconf 89' lang='lat' dir='ltr'><em>ab</em></span> <span class='ocrx_word' id='word_1_244' title='bbox 1178 2716 1182 2722; x_wconf 77' lang='grc'><strong>,</strong></span> 
     </span>
    </p>
   </div>
   <div class='ocr_carea' id='block_1_3' title="bbox 200 2732 1146 3285">
    <p class='ocr_par' dir='ltr' id='par_1_5' title="bbox 200 2732 1146 3285">
     <span class='ocr_line' id='line_1_43' title="bbox 200 2732 1146 2788; baseline 0 -12"><span class='ocrx_word' id='word_1_245' title='bbox 200 2738 312 2777; x_wconf 75' lang='lat' dir='ltr'><em>Anno</em></span> <span class='ocrx_word' id='word_1_246' title='bbox 342 2739 443 2778; x_wconf 87' lang='grc'>4048</span> <span class='ocrx_word' id='word_1_247' title='bbox 467 2739 515 2777; x_wconf 88' lang='lat' dir='ltr'><em>ad</em></span> <span class='ocrx_word' id='word_1_248' title='bbox 546 2739 646 2777; x_wconf 65' lang='grc'>»1409</span> <span class='ocrx_word' id='word_1_249' title='bbox 668 2732 719 2777; x_wconf 74' lang='lat' dir='ltr'><em>vde</em></span> <span class='ocrx_word' id='word_1_250' title='bbox 748 2750 824 2788; x_wconf 86' lang='lat' dir='ltr'><em>quo</em></span> <span class='ocrx_word' id='word_1_251' title='bbox 860 2739 1146 2788; x_wconf 88' lang='lat' dir='ltr'><em>Papebrochius</em></span> 
     </span>
     <span class='ocr_line' id='line_1_44' title="bbox 201 2801 1142 2851; baseline 0.001 -14"><span class='ocrx_word' id='word_1_252' title='bbox 201 2806 293 2838; x_wconf 86' lang='lat' dir='ltr'><em>tom.</em></span> <span class='ocrx_word' id='word_1_253' title='bbox 320 2803 353 2839; x_wconf 89' lang='lat'><em>3.</em></span> <span class='ocrx_word' id='word_1_254' title='bbox 379 2801 465 2839; x_wconf 79' lang='lat' dir='ltr'><em>Act.</em></span> <span class='ocrx_word' id='word_1_255' title='bbox 491 2801 725 2839; x_wconf 88' lang='lat' dir='ltr'><em>Sanctorum</em></span> <span class='ocrx_word' id='word_1_256' title='bbox 750 2801 895 2851; x_wconf 75' lang='lat' dir='ltr'><em>Aprilis</em></span> <span class='ocrx_word' id='word_1_257' title='bbox 919 2802 968 2839; x_wconf 97' lang='grc'><em>29</em></span> <span class='ocrx_word' id='word_1_258' title='bbox 993 2813 1027 2851; x_wconf 94' lang='lat' dir='ltr'><em>p.</em></span> <span class='ocrx_word' id='word_1_259' title='bbox 1055 2802 1142 2838; x_wconf 86' lang='grc'>628.</span> 
     </span>
     <span class='ocr_line' id='line_1_45' title="bbox 201 2863 1145 2913; baseline -0.001 -12"><span class='ocrx_word' id='word_1_260' title='bbox 201 2864 264 2901; x_wconf 87' lang='lat' dir='ltr'><em>ubi</em></span> <span class='ocrx_word' id='word_1_261' title='bbox 288 2865 367 2901; x_wconf 83' lang='lat' dir='ltr'><em>vita</em></span> <span class='ocrx_word' id='word_1_262' title='bbox 389 2865 534 2913; x_wconf 86' lang='lat' dir='ltr'><em>scripta</em></span> <span class='ocrx_word' id='word_1_263' title='bbox 554 2863 601 2900; x_wconf 89' lang='lat' dir='ltr'><em>ab</em></span> <span class='ocrx_word' id='word_1_264' title='bbox 621 2864 937 2901; x_wconf 85' lang='lat' dir='ltr'><em>HILDEBERTO</em></span> <span class='ocrx_word' id='word_1_265' title='bbox 953 2864 1145 2902; x_wconf 87' lang='lat' dir='ltr'><em>Cenoma-</em></span> 
     </span>
     <span class='ocr_line' id='line_1_46' title="bbox 204 2924 1144 2976; baseline 0.001 -14"><span class='ocrx_word' id='word_1_266' title='bbox 204 2928 313 2963; x_wconf 84' lang='lat' dir='ltr'><em>nensi</em></span> <span class='ocrx_word' id='word_1_267' title='bbox 334 2937 419 2976; x_wconf 87' lang='lat' dir='ltr'><em>pag.</em></span> <span class='ocrx_word' id='word_1_268' title='bbox 450 2925 525 2964; x_wconf 89' lang='lat'><em>634</em></span> <span class='ocrx_word' id='word_1_269' title='bbox 560 2930 598 2963; x_wconf 87' lang='lat' dir='ltr'><em>et</em></span> <span class='ocrx_word' id='word_1_270' title='bbox 635 2936 655 2963; x_wconf 91' lang='lat' dir='ltr'><em>a</em></span> <span class='ocrx_word' id='word_1_271' title='bbox 693 2924 960 2963; x_wconf 74' lang='lat' dir='ltr'>RAYNALDO</span> <span class='ocrx_word' id='word_1_272' title='bbox 994 2925 1144 2963; x_wconf 76' lang='lat' dir='ltr'><em>Abbate</em></span> 
     </span>
     <span class='ocr_line' id='line_1_47' title="bbox 201 2986 1144 3038; baseline 0.001 -15"><span class='ocrx_word' id='word_1_273' title='bbox 201 2986 478 3035; x_wconf 79' lang='lat' dir='ltr'><em>Vezeliacensi,</em></span> <span class='ocrx_word' id='word_1_274' title='bbox 501 2987 641 3026; x_wconf 89' lang='lat' dir='ltr'><em>deinde</em></span> <span class='ocrx_word' id='word_1_275' title='bbox 667 2987 849 3037; x_wconf 74' lang='lat' dir='ltr'><em>Arcliiep.</em></span> <span class='ocrx_word' id='word_1_276' title='bbox 871 2987 991 3038; x_wconf 91' lang='lat' dir='ltr'><em>Lugd.</em></span> <span class='ocrx_word' id='word_1_277' title='bbox 1014 2999 1049 3038; x_wconf 90' lang='lat' dir='ltr'><em>p.</em></span> <span class='ocrx_word' id='word_1_278' title='bbox 1070 2988 1144 3024; x_wconf 88' lang='lat'><em>648</em></span> 
     </span>
     <span class='ocr_line' id='line_1_48' title="bbox 203 3049 1142 3101; baseline 0.002 -16"><span class='ocrx_word' id='word_1_279' title='bbox 203 3052 241 3085; x_wconf 86' lang='lat' dir='ltr'><em>et</em></span> <span class='ocrx_word' id='word_1_280' title='bbox 261 3049 447 3099; x_wconf 71' lang='lat' dir='ltr'><em>Synopsis</em></span> <span class='ocrx_word' id='word_1_281' title='bbox 480 3049 677 3099; x_wconf 84' lang='lat' dir='ltr'><em>ejusdem,</em></span> <span class='ocrx_word' id='word_1_282' title='bbox 703 3049 887 3090; x_wconf 85' lang='lat' dir='ltr'><em>versibus</em></span> <span class='ocrx_word' id='word_1_283' title='bbox 911 3051 1032 3101; x_wconf 89' lang='lat' dir='ltr'><em>elegis</em></span> <span class='ocrx_word' id='word_1_284' title='bbox 1058 3061 1142 3100; x_wconf 89' lang='lat' dir='ltr'><em>pag.</em></span> 
     </span>
     <span class='ocr_line' id='line_1_49' title="bbox 205 3109 1146 3160; baseline 0.004 -14"><span class='ocrx_word' id='word_1_285' title='bbox 205 3109 279 3147; x_wconf 76' lang='grc'><em>654</em></span> <span class='ocrx_word' id='word_1_286' title='bbox 304 3116 342 3147; x_wconf 88' lang='lat' dir='ltr'><em>et</em></span> <span class='ocrx_word' id='word_1_287' title='bbox 365 3113 532 3160; x_wconf 83' lang='lat' dir='ltr'><em>epitome</em></span> <span class='ocrx_word' id='word_1_288' title='bbox 562 3113 665 3149; x_wconf 87' lang='lat' dir='ltr'><em>vitae</em></span> <span class='ocrx_word' id='word_1_289' title='bbox 689 3112 736 3149; x_wconf 88' lang='lat' dir='ltr'><em>ab</em></span> <span class='ocrx_word' id='word_1_290' title='bbox 764 3113 989 3152; x_wconf 77' lang='lat' dir='ltr'><em>EZELONE</em></span> <span class='ocrx_word' id='word_1_291' title='bbox 1016 3117 1056 3152; x_wconf 90' lang='lat' dir='ltr'><em>et</em></span> <span class='ocrx_word' id='word_1_292' title='bbox 1079 3112 1146 3151; x_wconf 90' lang='lat' dir='ltr'><em>Gl-</em></span> 
     </span>
     <span class='ocr_line' id='line_1_50' title="bbox 204 3172 1143 3225; baseline 0.005 -17"><span class='ocrx_word' id='word_1_293' title='bbox 204 3172 333 3209; x_wconf 75' lang='lat' dir='ltr'><em>LONE</em></span> <span class='ocrx_word' id='word_1_294' title='bbox 362 3173 559 3211; x_wconf 79' lang='lat' dir='ltr'><em>Monachis</em></span> <span class='ocrx_word' id='word_1_295' title='bbox 594 3173 945 3222; x_wconf 85' lang='lat' dir='ltr'><em>Cluniacensibus7</em></span> <span class='ocrx_word' id='word_1_296' title='bbox 969 3177 1143 3225; x_wconf 76' lang='lat' dir='ltr'><em>proxime</em></span> 
     </span>
     <span class='ocr_line' id='line_1_51' title="bbox 205 3233 1141 3285; baseline 0.003 -15"><span class='ocrx_word' id='word_1_297' title='bbox 205 3233 251 3270; x_wconf 87' lang='lat' dir='ltr'><em>ab</em></span> <span class='ocrx_word' id='word_1_298' title='bbox 274 3233 380 3272; x_wconf 84' lang='lat' dir='ltr'><em>obitu</em></span> <span class='ocrx_word' id='word_1_299' title='bbox 410 3236 540 3273; x_wconf 83' lang='lat' dir='ltr'><em>Sancti</em></span> <span class='ocrx_word' id='word_1_300' title='bbox 566 3236 710 3284; x_wconf 88' lang='lat' dir='ltr'><em>scripta</em></span> <span class='ocrx_word' id='word_1_301' title='bbox 731 3240 770 3273; x_wconf 88' lang='lat' dir='ltr'><em>et</em></span> <span class='ocrx_word' id='word_1_302' title='bbox 793 3247 862 3284; x_wconf 85' lang='lat' dir='ltr'><em>per</em></span> <span class='ocrx_word' id='word_1_303' title='bbox 887 3236 1141 3285; x_wconf 67' lang='lat' dir='ltr'><em>Anonymum</em></span> 
     </span>
    </p>
   </div>
   <div class='ocr_carea' id='block_1_4' title="bbox 2281 0 2293 216">
    <p class='ocr_par' dir='ltr' id='par_1_6' title="bbox 1088 0 2293 216">
     <span class='ocr_line' id='line_1_52' title="bbox 2281 0 2285 38; baseline 0 0"><span class='ocrx_word' id='word_1_304' title='bbox 2281 0 2285 38; x_wconf 54' lang='lat'><em>2</em></span> 
     </span>
     <span class='ocr_line' id='line_1_53' title="bbox 2283 0 2293 216; baseline -0.001 -40.992"><span class='ocrx_word' id='word_1_305' title='bbox 2283 0 2293 216; x_wconf 71' lang='lat' dir='ltr'><em>l</em></span> 
     </span>
    </p>
   </div>
   <div class='ocr_carea' id='block_1_5' title="bbox 1213 205 2192 2849">
    <p class='ocr_par' dir='ltr' id='par_1_7' title="bbox 1213 205 2192 2849">
     <span class='ocr_line' id='line_1_54' title="bbox 1215 205 2162 259; baseline 0 -12"><span class='ocrx_word' id='word_1_306' title='bbox 1215 210 1399 258; x_wconf 80' lang='lat' dir='ltr'><em>excerpta</em></span> <span class='ocrx_word' id='word_1_307' title='bbox 1419 217 1506 256; x_wconf 87' lang='lat' dir='ltr'><em>pag.</em></span> <span class='ocrx_word' id='word_1_308' title='bbox 1526 205 1603 245; x_wconf 81' lang='lat'><em>655</em></span> <span class='ocrx_word' id='word_1_309' title='bbox 1626 212 1666 245; x_wconf 90' lang='lat' dir='ltr'><em>et</em></span> <span class='ocrx_word' id='word_1_310' title='bbox 1687 220 1736 247; x_wconf 79' lang='lat' dir='ltr'><em>ex</em></span> <span class='ocrx_word' id='word_1_311' title='bbox 1759 210 1922 259; x_wconf 88' lang='lat' dir='ltr'><em>epistola</em></span> <span class='ocrx_word' id='word_1_312' title='bbox 1946 208 2162 247; x_wconf 83' lang='lat' dir='ltr'><strong>HUGONIS</strong></span> 
     </span>
     <span class='ocr_line' id='line_1_55' title="bbox 1213 267 2163 317; baseline -0.001 -9"><span class='ocrx_word' id='word_1_313' title='bbox 1213 268 1388 308; x_wconf 89' lang='lat' dir='ltr'><em>Monachi</em></span> <span class='ocrx_word' id='word_1_314' title='bbox 1426 267 1794 317; x_wconf 87' lang='lat' dir='ltr'><em>Cluniacensis‚ad</em></span> <span class='ocrx_word' id='word_1_315' title='bbox 1824 271 2005 309; x_wconf 90' lang='lat' dir='ltr'><em>Pontium</em></span> <span class='ocrx_word' id='word_1_316' title='bbox 2036 269 2163 307; x_wconf 84' lang='lat' dir='ltr'><em>Abba—</em></span> 
     </span>
     <span class='ocr_line' id='line_1_56' title="bbox 1214 330 2159 382; baseline -0.002 -13"><span class='ocrx_word' id='word_1_317' title='bbox 1214 337 1292 369; x_wconf 84' lang='lat' dir='ltr'><em>tem</em></span> <span class='ocrx_word' id='word_1_318' title='bbox 1324 339 1594 368; x_wconf 83' lang='lat' dir='ltr'><em>successorem</em></span> <span class='ocrx_word' id='word_1_319' title='bbox 1621 330 1794 379; x_wconf 86' lang='lat' dir='ltr'><em>Hugonis</em></span> <span class='ocrx_word' id='word_1_320' title='bbox 1818 331 1979 370; x_wconf 89' lang='lat' dir='ltr'><em>Abbatis</em></span> <span class='ocrx_word' id='word_1_321' title='bbox 2003 343 2038 382; x_wconf 90' lang='lat' dir='ltr'><em>p.</em></span> <span class='ocrx_word' id='word_1_322' title='bbox 2072 331 2159 369; x_wconf 83' lang='lat'><em>658.</em></span> 
     </span>
     <span class='ocr_line' id='line_1_57' title="bbox 1214 390 2159 443; baseline -0.002 -13"><span class='ocrx_word' id='word_1_323' title='bbox 1214 398 1253 431; x_wconf 84' lang='lat' dir='ltr'><em>et</em></span> <span class='ocrx_word' id='word_1_324' title='bbox 1272 393 1353 429; x_wconf 89' lang='lat' dir='ltr'><em>vita</em></span> <span class='ocrx_word' id='word_1_325' title='bbox 1373 390 1422 428; x_wconf 91' lang='lat' dir='ltr'><em>ab</em></span> <span class='ocrx_word' id='word_1_326' title='bbox 1444 390 1582 429; x_wconf 90' lang='lat' dir='ltr'><em>eodem</em></span> <span class='ocrx_word' id='word_1_327' title='bbox 1615 392 1801 429; x_wconf 91' lang='lat' dir='ltr'><em>Monacho</em></span> <span class='ocrx_word' id='word_1_328' title='bbox 1821 391 1980 443; x_wconf 75' lang='lat' dir='ltr'><em>{scripta</em></span> <span class='ocrx_word' id='word_1_329' title='bbox 2005 405 2041 443; x_wconf 90' lang='lat' dir='ltr'><em>p.</em></span> <span class='ocrx_word' id='word_1_330' title='bbox 2072 393 2159 430; x_wconf 85' lang='lat'><em>659.</em></span> 
     </span>
     <span class='ocr_line' id='line_1_58' title="bbox 1215 452 2159 503; baseline -0.002 -11"><span class='ocrx_word' id='word_1_331' title='bbox 1215 465 1296 503; x_wconf 89' lang='lat' dir='ltr'><em>seq.</em></span> <span class='ocrx_word' id='word_1_332' title='bbox 1318 452 1602 491; x_wconf 84' lang='lat' dir='ltr'><em>Praefationem</em></span> <span class='ocrx_word' id='word_1_333' title='bbox 1625 452 1824 491; x_wconf 84' lang='lat' dir='ltr'><strong>GILONIS</strong></span> <span class='ocrx_word' id='word_1_334' title='bbox 1848 454 2159 492; x_wconf 82' lang='lat' dir='ltr'><em>Tusculanensis</em></span> 
     </span>
     <span class='ocr_line' id='line_1_59' title="bbox 1213 512 2162 566; baseline -0.003 -11"><span class='ocrx_word' id='word_1_335' title='bbox 1213 515 1393 566; x_wconf 90' lang='lat' dir='ltr'><em>Episcopi</em></span> <span class='ocrx_word' id='word_1_336' title='bbox 1408 514 1456 553; x_wconf 92' lang='lat' dir='ltr'><em>ad</em></span> <span class='ocrx_word' id='word_1_337' title='bbox 1470 513 1644 552; x_wconf 90' lang='lat' dir='ltr'><em>eundem</em></span> <span class='ocrx_word' id='word_1_338' title='bbox 1661 515 1843 552; x_wconf 87' lang='lat' dir='ltr'><em>Pontium</em></span> <span class='ocrx_word' id='word_1_339' title='bbox 1858 512 1978 552; x_wconf 87' lang='lat' dir='ltr'><em>edidit</em></span> <span class='ocrx_word' id='word_1_340' title='bbox 1987 515 2162 554; x_wconf 91' lang='lat' dir='ltr'><em>Edmun-</em></span> 
     </span>
     <span class='ocr_line' id='line_1_60' title="bbox 1214 575 2161 626; baseline -0.002 -10"><span class='ocrx_word' id='word_1_341' title='bbox 1214 578 1288 616; x_wconf 88' lang='lat' dir='ltr'><em>dus</em></span> <span class='ocrx_word' id='word_1_342' title='bbox 1312 578 1484 614; x_wconf 81' lang='lat' dir='ltr'><em>Martene</em></span> <span class='ocrx_word' id='word_1_343' title='bbox 1504 580 1598 613; x_wconf 90' lang='lat' dir='ltr'><em>tom.</em></span> <span class='ocrx_word' id='word_1_344' title='bbox 1616 577 1650 614; x_wconf 97' lang='grc'><em>4.</em></span> <span class='ocrx_word' id='word_1_345' title='bbox 1672 575 1950 614; x_wconf 88' lang='lat' dir='ltr'><em>anecdotorum</em></span> <span class='ocrx_word' id='word_1_346' title='bbox 1970 587 2052 626; x_wconf 91' lang='lat' dir='ltr'><em>pag.</em></span> <span class='ocrx_word' id='word_1_347' title='bbox 2074 578 2161 616; x_wconf 80' lang='grc'>324.</span> 
     </span>
     <span class='ocr_line' id='line_1_61' title="bbox 1214 636 2165 677; baseline -0.002 0"><span class='ocrx_word' id='word_1_348' title='bbox 1214 638 1309 677; x_wconf 77' lang='lat' dir='ltr'><em>Vide</em></span> <span class='ocrx_word' id='word_1_349' title='bbox 1333 638 1450 676; x_wconf 84' lang='lat' dir='ltr'><em>etiam</em></span> <span class='ocrx_word' id='word_1_350' title='bbox 1472 637 1736 676; x_wconf 88' lang='lat' dir='ltr'><em>Sirmondum</em></span> <span class='ocrx_word' id='word_1_351' title='bbox 1757 637 1805 676; x_wconf 90' lang='lat' dir='ltr'><em>ad</em></span> <span class='ocrx_word' id='word_1_352' title='bbox 1828 636 2001 675; x_wconf 85' lang='lat' dir='ltr'><em>Godfridi</em></span> <span class='ocrx_word' id='word_1_353' title='bbox 2022 637 2165 675; x_wconf 89' lang='lat' dir='ltr'><em>Vindo-</em></span> 
     </span>
     <span class='ocr_line' id='line_1_62' title="bbox 1215 698 2162 750; baseline -0.003 -11"><span class='ocrx_word' id='word_1_354' title='bbox 1215 700 1387 739; x_wconf 87' lang='lat' dir='ltr'><em>cinensis</em></span> <span class='ocrx_word' id='word_1_355' title='bbox 1402 699 1463 736; x_wconf 90' lang='lat' dir='ltr'><em>IV.</em></span> <span class='ocrx_word' id='word_1_356' title='bbox 1491 700 1526 737; x_wconf 92' lang='grc'><em>4.</em></span> <span class='ocrx_word' id='word_1_357' title='bbox 1544 699 1671 748; x_wconf 89' lang='lat' dir='ltr'><em>Epist.</em></span> <span class='ocrx_word' id='word_1_358' title='bbox 1685 703 1779 737; x_wconf 76' lang='lat' dir='ltr'><em>tom.</em></span> <span class='ocrx_word' id='word_1_359' title='bbox 1794 701 1829 738; x_wconf 89' lang='lat'><em>3.</em></span> <span class='ocrx_word' id='word_1_360' title='bbox 1851 700 1948 750; x_wconf 93' lang='lat' dir='ltr'><em>Opp.</em></span> <span class='ocrx_word' id='word_1_361' title='bbox 1972 710 2057 749; x_wconf 88' lang='lat' dir='ltr'><em>pag.</em></span> <span class='ocrx_word' id='word_1_362' title='bbox 2076 698 2162 738; x_wconf 86' lang='grc'>784.</span> 
     </span>
     <span class='ocr_line' id='line_1_63' title="bbox 1216 759 2166 801; baseline -0.004 0"><span class='ocrx_word' id='word_1_363' title='bbox 1216 764 1257 801; x_wconf 95' lang='lat' dir='ltr'><em>In</em></span> <span class='ocrx_word' id='word_1_364' title='bbox 1282 760 1464 800; x_wconf 83' lang='lat' dir='ltr'><em>Andreae</em></span> <span class='ocrx_word' id='word_1_365' title='bbox 1482 759 1536 798; x_wconf 87' lang='lat' dir='ltr'><em>du</em></span> <span class='ocrx_word' id='word_1_366' title='bbox 1559 760 1715 799; x_wconf 90' lang='lat' dir='ltr'><em>Chesne</em></span> <span class='ocrx_word' id='word_1_367' title='bbox 1736 761 1975 799; x_wconf 85' lang='lat' dir='ltr'><em>Bibliotheca</em></span> <span class='ocrx_word' id='word_1_368' title='bbox 2007 760 2166 800; x_wconf 87' lang='lat' dir='ltr'><em>Clunia-</em></span> 
     </span>
     <span class='ocr_line' id='line_1_64' title="bbox 1216 822 2166 873; baseline -0.004 -10"><span class='ocrx_word' id='word_1_369' title='bbox 1216 825 1325 863; x_wconf 89' lang='lat' dir='ltr'><em>censi</em></span> <span class='ocrx_word' id='word_1_370' title='bbox 1341 827 1430 873; x_wconf 89' lang='lat' dir='ltr'><em>post</em></span> <span class='ocrx_word' id='word_1_371' title='bbox 1446 822 1576 860; x_wconf 85' lang='lat' dir='ltr'><em>Vitam</em></span> <span class='ocrx_word' id='word_1_372' title='bbox 1595 823 1768 872; x_wconf 87' lang='lat' dir='ltr'><em>Hugonis</em></span> <span class='ocrx_word' id='word_1_373' title='bbox 1784 834 1869 873; x_wconf 93' lang='lat' dir='ltr'><em>pag.</em></span> <span class='ocrx_word' id='word_1_374' title='bbox 1887 823 1954 861; x_wconf 88' lang='grc'>434</span> <span class='ocrx_word' id='word_1_375' title='bbox 1979 822 2166 872; x_wconf 88' lang='lat' dir='ltr'><em>scriptam</em></span> 
     </span>
     <span class='ocr_line' id='line_1_65' title="bbox 1214 883 2165 934; baseline -0.003 -10"><span class='ocrx_word' id='word_1_376' title='bbox 1214 886 1261 924; x_wconf 90' lang='lat' dir='ltr'><em>ab</em></span> <span class='ocrx_word' id='word_1_377' title='bbox 1276 883 1499 924; x_wconf 80' lang='lat' dir='ltr'><em>Hildeberto</em></span> <span class='ocrx_word' id='word_1_378' title='bbox 1517 888 1557 921; x_wconf 90' lang='lat' dir='ltr'><em>et</em></span> <span class='ocrx_word' id='word_1_379' title='bbox 1576 883 1741 922; x_wconf 88' lang='lat' dir='ltr'><em>alteram</em></span> <span class='ocrx_word' id='word_1_380' title='bbox 1758 894 1780 921; x_wconf 90' lang='lat' dir='ltr'><em>a</em></span> <span class='ocrx_word' id='word_1_381' title='bbox 1800 883 1988 922; x_wconf 85' lang='lat' dir='ltr'><em>Monacho</em></span> <span class='ocrx_word' id='word_1_382' title='bbox 2004 884 2165 934; x_wconf 74' lang='lat' dir='ltr'><em>Huyone</em></span> 
     </span>
     <span class='ocr_line' id='line_1_66' title="bbox 1215 945 2165 997; baseline -0.002 -12"><span class='ocrx_word' id='word_1_383' title='bbox 1215 959 1299 997; x_wconf 85' lang='lat' dir='ltr'><em>pag.</em></span> <span class='ocrx_word' id='word_1_384' title='bbox 1333 948 1406 985; x_wconf 91' lang='lat'><em>438</em></span> <span class='ocrx_word' id='word_1_385' title='bbox 1432 947 1547 996; x_wconf 86' lang='lat' dir='ltr'><em>(quae</em></span> <span class='ocrx_word' id='word_1_386' title='bbox 1570 949 1703 984; x_wconf 78' lang='lat' dir='ltr'><em>exstat</em></span> <span class='ocrx_word' id='word_1_387' title='bbox 1736 946 1855 984; x_wconf 89' lang='lat' dir='ltr'><em>etiam</em></span> <span class='ocrx_word' id='word_1_388' title='bbox 1879 945 1981 995; x_wconf 89' lang='lat' dir='ltr'><em>apud</em></span> <span class='ocrx_word' id='word_1_389' title='bbox 2007 946 2165 984; x_wconf 91' lang='lat' dir='ltr'><em>Surium</em></span> 
     </span>
     <span class='ocr_line' id='line_1_67' title="bbox 1215 1007 2166 1059; baseline -0.003 -12"><span class='ocrx_word' id='word_1_390' title='bbox 1215 1010 1264 1047; x_wconf 88' lang='grc'><em>29</em></span> <span class='ocrx_word' id='word_1_391' title='bbox 1289 1009 1424 1059; x_wconf 88' lang='lat' dir='ltr'><em>April.)</em></span> <span class='ocrx_word' id='word_1_392' title='bbox 1456 1013 1494 1046; x_wconf 91' lang='lat' dir='ltr'><em>et</em></span> <span class='ocrx_word' id='word_1_393' title='bbox 1529 1008 1735 1057; x_wconf 73' lang='lat' dir='ltr'><em>Anonymi</em></span> <span class='ocrx_word' id='word_1_394' title='bbox 1758 1007 1986 1045; x_wconf 89' lang='lat' dir='ltr'><em>relationem</em></span> <span class='ocrx_word' id='word_1_395' title='bbox 2011 1007 2059 1045; x_wconf 93' lang='lat' dir='ltr'><em>de</em></span> <span class='ocrx_word' id='word_1_396' title='bbox 2080 1018 2166 1056; x_wconf 72' lang='lat' dir='ltr'><em>ejus</em></span> 
     </span>
     <span class='ocr_line' id='line_1_68' title="bbox 1220 1062 2169 1119; baseline -0.003 -11"><span class='ocrx_word' id='word_1_397' title='bbox 1220 1071 1420 1109; x_wconf 87' lang='lat' dir='ltr'><em>miraculis</em></span> <span class='ocrx_word' id='word_1_398' title='bbox 1458 1081 1545 1119; x_wconf 90' lang='lat' dir='ltr'><em>pag.</em></span> <span class='ocrx_word' id='word_1_399' title='bbox 1587 1068 1674 1107; x_wconf 89' lang='lat'><em>447.</em></span> <span class='ocrx_word' id='word_1_400' title='bbox 1714 1062 1759 1107; x_wconf 45' lang='lat' dir='ltr'><em>et*</em></span> <span class='ocrx_word' id='word_1_401' title='bbox 1782 1067 1960 1118; x_wconf 72' lang='lat' dir='ltr'><em>Huqonis</em></span> <span class='ocrx_word' id='word_1_402' title='bbox 1992 1068 2169 1107; x_wconf 91' lang='lat' dir='ltr'><em>Monachi</em></span> 
     </span>
     <span class='ocr_line' id='line_1_69' title="bbox 1216 1130 2167 1182; baseline -0.002 -12"><span class='ocrx_word' id='word_1_403' title='bbox 1216 1132 1391 1181; x_wconf 80' lang='lat' dir='ltr'><em>Epistola</em></span> <span class='ocrx_word' id='word_1_404' title='bbox 1420 1131 1468 1170; x_wconf 90' lang='lat' dir='ltr'><em>ad</em></span> <span class='ocrx_word' id='word_1_405' title='bbox 1499 1133 1681 1170; x_wconf 82' lang='lat' dir='ltr'><em>Pontium</em></span> <span class='ocrx_word' id='word_1_406' title='bbox 1706 1142 1792 1182; x_wconf 88' lang='lat' dir='ltr'><em>pag.</em></span> <span class='ocrx_word' id='word_1_407' title='bbox 1823 1130 1912 1168; x_wconf 77' lang='grc'>462.</span> <span class='ocrx_word' id='word_1_408' title='bbox 1951 1134 1991 1168; x_wconf 90' lang='lat' dir='ltr'><em>et</em></span> <span class='ocrx_word' id='word_1_409' title='bbox 2024 1130 2167 1169; x_wconf 86' lang='lat' dir='ltr'><em>PETRI</em></span> 
     </span>
     <span class='ocr_line' id='line_1_70' title="bbox 1220 1191 2169 1243; baseline -0.003 -12"><span class='ocrx_word' id='word_1_410' title='bbox 1220 1193 1464 1231; x_wconf 81' lang='lat' dir='ltr'><em>Venerabilis</em></span> <span class='ocrx_word' id='word_1_411' title='bbox 1499 1193 1733 1242; x_wconf 76' lang='lat' dir='ltr'><em>rhythmum</em></span> <span class='ocrx_word' id='word_1_412' title='bbox 1759 1203 1845 1243; x_wconf 85' lang='lat' dir='ltr'><em>pag.</em></span> <span class='ocrx_word' id='word_1_413' title='bbox 1871 1191 1947 1231; x_wconf 85' lang='lat'><em>465</em></span> <span class='ocrx_word' id='word_1_414' title='bbox 1970 1195 2010 1229; x_wconf 90' lang='lat' dir='ltr'><em>et</em></span> <span class='ocrx_word' id='word_1_415' title='bbox 2037 1191 2169 1229; x_wconf 90' lang='lat' dir='ltr'><em>Vario-</em></span> 
     </span>
     <span class='ocr_line' id='line_1_71' title="bbox 1218 1252 2165 1304; baseline -0.002 -12"><span class='ocrx_word' id='word_1_416' title='bbox 1218 1266 1305 1293; x_wconf 87' lang='lat' dir='ltr'><em>rum</em></span> <span class='ocrx_word' id='word_1_417' title='bbox 1330 1254 1378 1292; x_wconf 90' lang='lat' dir='ltr'><em>de</em></span> <span class='ocrx_word' id='word_1_418' title='bbox 1403 1255 1566 1304; x_wconf 91' lang='lat' dir='ltr'><em>Hugone</em></span> <span class='ocrx_word' id='word_1_419' title='bbox 1591 1252 1743 1292; x_wconf 85' lang='lat' dir='ltr'><em>Abbate</em></span> <span class='ocrx_word' id='word_1_420' title='bbox 1770 1254 1997 1292; x_wconf 86' lang='lat' dir='ltr'><em>testimonia</em></span> <span class='ocrx_word' id='word_1_421' title='bbox 2022 1265 2057 1304; x_wconf 94' lang='lat' dir='ltr'><em>p.</em></span> <span class='ocrx_word' id='word_1_422' title='bbox 2079 1252 2165 1291; x_wconf 86' lang='lat'><em>467.</em></span> 
     </span>
     <span class='ocr_line' id='line_1_72' title="bbox 1217 1315 2165 1367; baseline -0.002 -13"><span class='ocrx_word' id='word_1_423' title='bbox 1217 1320 1440 1366; x_wconf 88' lang='lat' dir='ltr'><em>sequuntur</em></span> <span class='ocrx_word' id='word_1_424' title='bbox 1480 1327 1567 1366; x_wconf 89' lang='lat' dir='ltr'><em>pag.</em></span> <span class='ocrx_word' id='word_1_425' title='bbox 1606 1315 1694 1355; x_wconf 83' lang='lat'><em>475.</em></span> <span class='ocrx_word' id='word_1_426' title='bbox 1735 1316 1908 1367; x_wconf 86' lang='lat' dir='ltr'><em>Gregorii</em></span> <span class='ocrx_word' id='word_1_427' title='bbox 1947 1316 2027 1353; x_wconf 89' lang='lat' dir='ltr'><em>V11.</em></span> <span class='ocrx_word' id='word_1_428' title='bbox 2066 1316 2165 1353; x_wconf 88' lang='lat' dir='ltr'><em>Petri</em></span> 
     </span>
     <span class='ocr_line' id='line_1_73' title="bbox 1216 1376 2167 1416; baseline -0.001 0"><span class='ocrx_word' id='word_1_429' title='bbox 1216 1379 1394 1416; x_wconf 84' lang='lat' dir='ltr'><em>Damiani</em></span> <span class='ocrx_word' id='word_1_430' title='bbox 1425 1382 1464 1416; x_wconf 87' lang='lat' dir='ltr'><em>et</em></span> <span class='ocrx_word' id='word_1_431' title='bbox 1497 1377 1671 1416; x_wconf 85' lang='lat' dir='ltr'><em>Godfridi</em></span> <span class='ocrx_word' id='word_1_432' title='bbox 1695 1377 1996 1416; x_wconf 82' lang='lat' dir='ltr'><em>Vindocinensis</em></span> <span class='ocrx_word' id='word_1_433' title='bbox 2018 1376 2067 1415; x_wconf 90' lang='lat' dir='ltr'><em>ad</em></span> <span class='ocrx_word' id='word_1_434' title='bbox 2090 1378 2167 1415; x_wconf 90' lang='lat' dir='ltr'><em>Hu-</em></span> 
     </span>
     <span class='ocr_line' id='line_1_74' title="bbox 1217 1437 2166 1490; baseline -0.002 -13"><span class='ocrx_word' id='word_1_435' title='bbox 1217 1451 1356 1489; x_wconf 89' lang='lat' dir='ltr'><em>gonem</em></span> <span class='ocrx_word' id='word_1_436' title='bbox 1381 1439 1603 1489; x_wconf 87' lang='lat' dir='ltr'><em>Epistolae:</em></span> <span class='ocrx_word' id='word_1_437' title='bbox 1629 1439 1719 1477; x_wconf 89' lang='lat' dir='ltr'><em>inde</em></span> <span class='ocrx_word' id='word_1_438' title='bbox 1745 1440 1920 1483; x_wconf 70' lang='lat' dir='ltr'><em>Hugonis</em></span> <span class='ocrx_word' id='word_1_439' title='bbox 1936 1439 2059 1490; x_wconf 90' lang='lat' dir='ltr'><em>ipsius</em></span> <span class='ocrx_word' id='word_1_440' title='bbox 2074 1437 2166 1489; x_wconf 73' lang='lat' dir='ltr'><em>Epi-</em></span> 
     </span>
     <span class='ocr_line' id='line_1_75' title="bbox 1216 1499 2169 1552; baseline -0.001 -13"><span class='ocrx_word' id='word_1_441' title='bbox 1216 1500 1337 1539; x_wconf 85' lang='lat' dir='ltr'><em>stolae</em></span> <span class='ocrx_word' id='word_1_442' title='bbox 1356 1507 1396 1539; x_wconf 88' lang='lat' dir='ltr'><em>et</em></span> <span class='ocrx_word' id='word_1_443' title='bbox 1424 1501 1614 1552; x_wconf 80' lang='lat' dir='ltr'><em>opuscula</em></span> <span class='ocrx_word' id='word_1_444' title='bbox 1638 1512 1714 1540; x_wconf 75' lang='lat' dir='ltr'><em>seoe</em></span> <span class='ocrx_word' id='word_1_445' title='bbox 1738 1506 1777 1540; x_wconf 87' lang='lat' dir='ltr'><em>et</em></span> <span class='ocrx_word' id='word_1_446' title='bbox 1806 1501 1890 1539; x_wconf 84' lang='lat' dir='ltr'><em>Vita</em></span> <span class='ocrx_word' id='word_1_447' title='bbox 1912 1501 1955 1538; x_wconf 92' lang='lat' dir='ltr'><em>B.</em></span> <span class='ocrx_word' id='word_1_448' title='bbox 1985 1499 2169 1539; x_wconf 85' lang='lat' dir='ltr'><em>Morandi</em></span> 
     </span>
     <span class='ocr_line' id='line_1_76' title="bbox 1219 1563 2165 1614; baseline 0 -13"><span class='ocrx_word' id='word_1_449' title='bbox 1219 1563 1400 1614; x_wconf 89' lang='lat' dir='ltr'><em>discipuli</em></span> <span class='ocrx_word' id='word_1_450' title='bbox 1426 1566 1485 1602; x_wconf 90' lang='lat' dir='ltr'><em>sui</em></span> <span class='ocrx_word' id='word_1_451' title='bbox 1512 1575 1597 1614; x_wconf 88' lang='lat' dir='ltr'><em>pag.</em></span> <span class='ocrx_word' id='word_1_452' title='bbox 1623 1564 1698 1602; x_wconf 74' lang='grc'><em>502</em></span> <span class='ocrx_word' id='word_1_453' title='bbox 1723 1568 1762 1601; x_wconf 81' lang='lat' dir='ltr'><em>et·</em></span> <span class='ocrx_word' id='word_1_454' title='bbox 1785 1563 2013 1614; x_wconf 84' lang='lat' dir='ltr'><em>privilegia,</em></span> <span class='ocrx_word' id='word_1_455' title='bbox 2038 1563 2165 1613; x_wconf 89' lang='lat' dir='ltr'><em>Hugo-</em></span> 
     </span>
     <span class='ocr_line' id='line_1_77' title="bbox 1218 1625 2162 1676; baseline 0.002 -15"><span class='ocrx_word' id='word_1_456' title='bbox 1218 1626 1279 1662; x_wconf 89' lang='lat' dir='ltr'><em>nis</em></span> <span class='ocrx_word' id='word_1_457' title='bbox 1308 1629 1484 1676; x_wconf 89' lang='lat' dir='ltr'><em>tempore</em></span> <span class='ocrx_word' id='word_1_458' title='bbox 1511 1625 1840 1664; x_wconf 89' lang='lat' dir='ltr'><em>Cluniacensibus</em></span> <span class='ocrx_word' id='word_1_459' title='bbox 1865 1635 2055 1663; x_wconf 88' lang='lat' dir='ltr'><em>concessa</em></span> <span class='ocrx_word' id='word_1_460' title='bbox 2077 1636 2162 1675; x_wconf 86' lang='lat' dir='ltr'><em>pag.</em></span> 
     </span>
     <span class='ocr_line' id='line_1_78' title="bbox 1220 1685 2166 1738; baseline -0.001 -13"><span class='ocrx_word' id='word_1_461' title='bbox 1220 1686 1295 1725; x_wconf 78' lang='lat'><strong>&#39;0¹07</strong></span> <span class='ocrx_word' id='word_1_462' title='bbox 1317 1698 1399 1736; x_wconf 88' lang='lat' dir='ltr'><em>seq.</em></span> <span class='ocrx_word' id='word_1_463' title='bbox 1424 1687 1642 1736; x_wconf 80' lang='lat' dir='ltr'><em>Epistulam</em></span> <span class='ocrx_word' id='word_1_464' title='bbox 1666 1686 1715 1724; x_wconf 92' lang='lat' dir='ltr'><em>ad</em></span> <span class='ocrx_word' id='word_1_465' title='bbox 1741 1685 1961 1738; x_wconf 78' lang='lat' dir='ltr'><em>Philippum</em></span> <span class='ocrx_word' id='word_1_466' title='bbox 1982 1687 2014 1724; x_wconf 91' lang='lat' dir='ltr'><em>I.</em></span> <span class='ocrx_word' id='word_1_467' title='bbox 2036 1687 2166 1724; x_wconf 85' lang='lat' dir='ltr'><em>Fran-</em></span> 
     </span>
     <span class='ocr_line' id='line_1_79' title="bbox 1219 1749 2162 1799; baseline -0.001 -13"><span class='ocrx_word' id='word_1_468' title='bbox 1219 1759 1356 1786; x_wconf 83' lang='lat' dir='ltr'><em>corum</em></span> <span class='ocrx_word' id='word_1_469' title='bbox 1379 1750 1518 1798; x_wconf 70' lang='lat' dir='ltr'><em>Reyem</em></span> <span class='ocrx_word' id='word_1_470' title='bbox 1555 1749 1735 1799; x_wconf 89' lang='lat' dir='ltr'><em>vulgavit</em></span> <span class='ocrx_word' id='word_1_471' title='bbox 1762 1749 1979 1787; x_wconf 86' lang='lat' dir='ltr'><em>Dacherius</em></span> <span class='ocrx_word' id='word_1_472' title='bbox 2002 1753 2096 1787; x_wconf 87' lang='lat' dir='ltr'><em>tom.</em></span> <span class='ocrx_word' id='word_1_473' title='bbox 2126 1749 2162 1786; x_wconf 86' lang='grc'><em>2.</em></span> 
     </span>
     <span class='ocr_line' id='line_1_80' title="bbox 1219 1809 2164 1860; baseline -0.001 -12"><span class='ocrx_word' id='word_1_474' title='bbox 1219 1811 1390 1860; x_wconf 80' lang='lat' dir='ltr'><em>spicileg.</em></span> <span class='ocrx_word' id='word_1_475' title='bbox 1419 1822 1505 1860; x_wconf 83' lang='lat' dir='ltr'><em>pag.</em></span> <span class='ocrx_word' id='word_1_476' title='bbox 1539 1810 1604 1848; x_wconf 90' lang='grc'><em>404</em></span> <span class='ocrx_word' id='word_1_477' title='bbox 1640 1809 1836 1859; x_wconf 86' lang='lat' dir='ltr'><em>(editionis</em></span> <span class='ocrx_word' id='word_1_478' title='bbox 1861 1820 1986 1848; x_wconf 89' lang='lat' dir='ltr'><em>novae</em></span> <span class='ocrx_word' id='word_1_479' title='bbox 2010 1810 2164 1848; x_wconf 83' lang='lat' dir='ltr'><em>tom.-3.</em></span> 
     </span>
     <span class='ocr_line' id='line_1_81' title="bbox 1217 1871 2192 1924; baseline -0.003 -12"><span class='ocrx_word' id='word_1_480' title='bbox 1217 1885 1302 1924; x_wconf 88' lang='lat' dir='ltr'><em>pag.</em></span> <span class='ocrx_word' id='word_1_481' title='bbox 1323 1875 1423 1922; x_wconf 68' lang='lat'><em>543.)</em></span> <span class='ocrx_word' id='word_1_482' title='bbox 1442 1878 1481 1911; x_wconf 86' lang='lat' dir='ltr'><em>ct</em></span> <span class='ocrx_word' id='word_1_483' title='bbox 1505 1874 1663 1912; x_wconf 87' lang='lat' dir='ltr'><em>Statuta</em></span> <span class='ocrx_word' id='word_1_484' title='bbox 1688 1875 1723 1911; x_wconf 91' lang='lat' dir='ltr'><em>in</em></span> <span class='ocrx_word' id='word_1_485' title='bbox 1750 1874 1914 1923; x_wconf 88' lang='lat' dir='ltr'><em>gratiam</em></span> <span class='ocrx_word' id='word_1_486' title='bbox 1935 1871 2165 1924; x_wconf 70' lang='lat' dir='ltr'><em>A‘IfonsiHi-</em></span> <span class='ocrx_word' id='word_1_487' title='bbox 2183 1893 2192 1900; x_wconf 93' lang='lat'>·</span> 
     </span>
     <span class='ocr_line' id='line_1_82' title="bbox 1218 1933 2165 1986; baseline -0.001 -13"><span class='ocrx_word' id='word_1_488' title='bbox 1218 1937 1443 1985; x_wconf 88' lang='lat' dir='ltr'><em>spaniarum</em></span> <span class='ocrx_word' id='word_1_489' title='bbox 1474 1937 1612 1986; x_wconf 71' lang='lat' dir='ltr'><em>Regis,</em></span> <span class='ocrx_word' id='word_1_490' title='bbox 1644 1937 1742 1974; x_wconf 91' lang='lat' dir='ltr'><em>etin</em></span> <span class='ocrx_word' id='word_1_491' title='bbox 1766 1936 1930 1986; x_wconf 87' lang='lat' dir='ltr'><em>gratiam</em></span> <span class='ocrx_word' id='word_1_492' title='bbox 1965 1933 2165 1973; x_wconf 85' lang='lat' dir='ltr'><em>Lambertz&#39;</em></span> 
     </span>
     <span class='ocr_line' id='line_1_83' title="bbox 1218 1996 2164 2047; baseline 0 -12"><span class='ocrx_word' id='word_1_493' title='bbox 1218 1998 1383 2035; x_wconf 81' lang='lat' dir='ltr'><em>Abbatis</em></span> <span class='ocrx_word' id='word_1_494' title='bbox 1407 1998 1444 2036; x_wconf 89' lang='lat' dir='ltr'><em>S.</em></span> <span class='ocrx_word' id='word_1_495' title='bbox 1472 1999 1619 2036; x_wconf 90' lang='lat' dir='ltr'><em>Bertini</em></span> <span class='ocrx_word' id='word_1_496' title='bbox 1639 2027 1645 2044; x_wconf 78' lang='lat'>‚</span> <span class='ocrx_word' id='word_1_497' title='bbox 1669 2002 1765 2035; x_wconf 91' lang='lat' dir='ltr'><em>tom.</em></span> <span class='ocrx_word' id='word_1_498' title='bbox 1790 1999 1825 2043; x_wconf 86' lang='lat'><em>6,</em></span> <span class='ocrx_word' id='word_1_499' title='bbox 1849 2008 1934 2047; x_wconf 87' lang='lat' dir='ltr'><em>pag.</em></span> <span class='ocrx_word' id='word_1_500' title='bbox 1963 1998 2037 2035; x_wconf 79' lang='lat'><em>445</em></span> <span class='ocrx_word' id='word_1_501' title='bbox 2073 1996 2164 2046; x_wconf 86' lang='lat' dir='ltr'><em>(edi-</em></span> 
     </span>
     <span class='ocr_line' id='line_1_84' title="bbox 1217 2058 2161 2109; baseline 0.001 -14"><span class='ocrx_word' id='word_1_502' title='bbox 1217 2060 1334 2096; x_wconf 88' lang='lat' dir='ltr'><em>tionis</em></span> <span class='ocrx_word' id='word_1_503' title='bbox 1365 2070 1489 2097; x_wconf 90' lang='lat' dir='ltr'><em>novae</em></span> <span class='ocrx_word' id='word_1_504' title='bbox 1520 2063 1612 2096; x_wconf 88' lang='lat' dir='ltr'><em>tom.</em></span> <span class='ocrx_word' id='word_1_505' title='bbox 1640 2059 1686 2106; x_wconf 86' lang='lat'><em>3,</em></span> <span class='ocrx_word' id='word_1_506' title='bbox 1712 2070 1797 2109; x_wconf 89' lang='lat' dir='ltr'><em>pag.</em></span> <span class='ocrx_word' id='word_1_507' title='bbox 1837 2058 1940 2107; x_wconf 85' lang='lat'><em>408.)</em></span> <span class='ocrx_word' id='word_1_508' title='bbox 1965 2059 2161 2108; x_wconf 85' lang='lat' dir='ltr'><em>Epistolas</em></span> 
     </span>
     <span class='ocr_line' id='line_1_85' title="bbox 1217 2119 2160 2171; baseline -0.001 -12"><span class='ocrx_word' id='word_1_509' title='bbox 1217 2126 1384 2170; x_wconf 84' lang='lat' dir='ltr'><em>quatuor</em></span> <span class='ocrx_word' id='word_1_510' title='bbox 1411 2121 1459 2159; x_wconf 89' lang='lat' dir='ltr'><em>ad</em></span> <span class='ocrx_word' id='word_1_511' title='bbox 1482 2122 1685 2171; x_wconf 89' lang='lat' dir='ltr'><em>Ilugonem</em></span> <span class='ocrx_word' id='word_1_512' title='bbox 1707 2122 1874 2171; x_wconf 87' lang='lat' dir='ltr'><em>scriptas</em></span> <span class='ocrx_word' id='word_1_513' title='bbox 1898 2119 2057 2158; x_wconf 80' lang='lat' dir='ltr'><em>exhibet</em></span> <span class='ocrx_word' id='word_1_514' title='bbox 2078 2120 2160 2158; x_wconf 91' lang='lat' dir='ltr'><em>lau—</em></span> 
     </span>
     <span class='ocr_line' id='line_1_86' title="bbox 1218 2181 2157 2231; baseline -0.002 -11"><span class='ocrx_word' id='word_1_515' title='bbox 1218 2183 1334 2223; x_wconf 89' lang='lat' dir='ltr'><em>datus</em></span> <span class='ocrx_word' id='word_1_516' title='bbox 1361 2184 1533 2221; x_wconf 80' lang='lat' dir='ltr'><em>Martene</em></span> <span class='ocrx_word' id='word_1_517' title='bbox 1563 2187 1656 2220; x_wconf 89' lang='lat' dir='ltr'><em>tom.</em></span> <span class='ocrx_word' id='word_1_518' title='bbox 1690 2184 1721 2221; x_wconf 65' lang='grc'><em>4,</em></span> <span class='ocrx_word' id='word_1_519' title='bbox 1754 2181 2036 2220; x_wconf 89' lang='lat' dir='ltr'><em>anecdotorum</em></span> <span class='ocrx_word' id='word_1_520' title='bbox 2073 2192 2157 2231; x_wconf 88' lang='lat' dir='ltr'><em>pag.</em></span> 
     </span>
     <span class='ocr_line' id='line_1_87' title="bbox 1220 2243 2161 2284; baseline -0.001 -1"><span class='ocrx_word' id='word_1_521' title='bbox 1220 2246 1293 2283; x_wconf 84' lang='lat'><em>309</em></span> <span class='ocrx_word' id='word_1_522' title='bbox 1319 2246 1406 2284; x_wconf 85' lang='grc'>313.</span> <span class='ocrx_word' id='word_1_523' title='bbox 1431 2245 1528 2283; x_wconf 59' lang='grc' dir='ltr'><em>Λεία</em></span> <span class='ocrx_word' id='word_1_524' title='bbox 1551 2243 1790 2284; x_wconf 78' lang='lat' dir='ltr'><em>Concordiae</em></span> <span class='ocrx_word' id='word_1_525' title='bbox 1814 2245 1852 2281; x_wconf 88' lang='lat' dir='ltr'><em>in</em></span> <span class='ocrx_word' id='word_1_526' title='bbox 1876 2244 2047 2282; x_wconf 89' lang='lat' dir='ltr'><em>Concilio</em></span> <span class='ocrx_word' id='word_1_527' title='bbox 2071 2244 2161 2282; x_wconf 90' lang='lat' dir='ltr'><em>Cla-</em></span> 
     </span>
     <span class='ocr_line' id='line_1_88' title="bbox 1221 2306 2161 2345; baseline -0.001 -1"><span class='ocrx_word' id='word_1_528' title='bbox 1221 2312 1449 2345; x_wconf 87' lang='lat' dir='ltr'><em>romontano</em></span> <span class='ocrx_word' id='word_1_529' title='bbox 1489 2308 1562 2345; x_wconf 84' lang='lat' dir='ltr'><em>An.</em></span> <span class='ocrx_word' id='word_1_530' title='bbox 1594 2307 1707 2345; x_wconf 87' lang='grc'>4096.</span> <span class='ocrx_word' id='word_1_531' title='bbox 1744 2307 1862 2343; x_wconf 89' lang='lat' dir='ltr'><em>initae</em></span> <span class='ocrx_word' id='word_1_532' title='bbox 1899 2317 1990 2344; x_wconf 89' lang='lat' dir='ltr'><em>cum</em></span> <span class='ocrx_word' id='word_1_533' title='bbox 2027 2306 2161 2344; x_wconf 84' lang='lat' dir='ltr'><em>Pontio</em></span> 
     </span>
     <span class='ocr_line' id='line_1_89' title="bbox 1219 2367 2160 2418; baseline -0.003 -11"><span class='ocrx_word' id='word_1_534' title='bbox 1219 2369 1369 2407; x_wconf 84' lang='lat' dir='ltr'><em>Abbate</em></span> <span class='ocrx_word' id='word_1_535' title='bbox 1385 2369 1509 2407; x_wconf 88' lang='lat' dir='ltr'><em>Casae</em></span> <span class='ocrx_word' id='word_1_536' title='bbox 1531 2369 1613 2416; x_wconf 86' lang='lat' dir='ltr'><em>Dei,</em></span> <span class='ocrx_word' id='word_1_537' title='bbox 1634 2368 1739 2418; x_wconf 88' lang='lat' dir='ltr'><em>apud</em></span> <span class='ocrx_word' id='word_1_538' title='bbox 1760 2367 1964 2406; x_wconf 89' lang='lat' dir='ltr'><em>Baluzium</em></span> <span class='ocrx_word' id='word_1_539' title='bbox 1989 2371 2081 2405; x_wconf 79' lang='lat' dir='ltr'><em>tom.</em></span> <span class='ocrx_word' id='word_1_540' title='bbox 2099 2367 2160 2405; x_wconf 94' lang='lat' dir='ltr'><em>VI.</em></span> 
     </span>
     <span class='ocr_line' id='line_1_90' title="bbox 1220 2429 2164 2481; baseline -0.003 -13"><span class='ocrx_word' id='word_1_541' title='bbox 1220 2431 1380 2468; x_wconf 85' lang='lat' dir='ltr'><em>Miscell.</em></span> <span class='ocrx_word' id='word_1_542' title='bbox 1407 2442 1493 2481; x_wconf 87' lang='lat' dir='ltr'><em>pag.</em></span> <span class='ocrx_word' id='word_1_543' title='bbox 1531 2430 1616 2468; x_wconf 88' lang='grc'>424.</span> <span class='ocrx_word' id='word_1_544' title='bbox 1641 2430 1804 2467; x_wconf 90' lang='lat' dir='ltr'><em>Donatio</em></span> <span class='ocrx_word' id='word_1_545' title='bbox 1829 2429 1979 2479; x_wconf 90' lang='lat' dir='ltr'><em>Hugoni</em></span> <span class='ocrx_word' id='word_1_546' title='bbox 2007 2429 2164 2469; x_wconf 75' lang='lat' dir='ltr'><em>Clunia-</em></span> 
     </span>
     <span class='ocr_line' id='line_1_91' title="bbox 1219 2490 2162 2543; baseline -0.001 -14"><span class='ocrx_word' id='word_1_547' title='bbox 1219 2493 1324 2530; x_wconf 87' lang='lat' dir='ltr'><em>censi</em></span> <span class='ocrx_word' id='word_1_548' title='bbox 1344 2493 1443 2531; x_wconf 84' lang='lat' dir='ltr'><em>facta</em></span> <span class='ocrx_word' id='word_1_549' title='bbox 1459 2492 1678 2543; x_wconf 88' lang='lat' dir='ltr'><em>abHugone</em></span> <span class='ocrx_word' id='word_1_550' title='bbox 1691 2491 1945 2542; x_wconf 88' lang='lat' dir='ltr'><em>Lugdunensi</em></span> <span class='ocrx_word' id='word_1_551' title='bbox 1959 2490 2056 2541; x_wconf 90' lang='lat' dir='ltr'><em>id.p.</em></span> <span class='ocrx_word' id='word_1_552' title='bbox 2074 2491 2162 2529; x_wconf 89' lang='lat'><em>485.</em></span> 
     </span>
     <span class='ocr_line' id='line_1_92' title="bbox 1272 2553 2161 2605; baseline -0.001 -13"><span class='ocrx_word' id='word_1_553' title='bbox 1272 2554 1292 2574; x_wconf 34' lang='grc' dir='ltr'>ξ</span> <span class='ocrx_word' id='word_1_554' title='bbox 1321 2555 1376 2592; x_wconf 93' lang='lat' dir='ltr'><em>De</em></span> <span class='ocrx_word' id='word_1_555' title='bbox 1417 2554 1593 2605; x_wconf 85' lang='lat' dir='ltr'><em>epistolis</em></span> <span class='ocrx_word' id='word_1_556' title='bbox 1635 2558 1675 2591; x_wconf 91' lang='lat' dir='ltr'><em>et</em></span> <span class='ocrx_word' id='word_1_557' title='bbox 1718 2553 1921 2604; x_wconf 86' lang='lat' dir='ltr'><em>opusculis</em></span> <span class='ocrx_word' id='word_1_558' title='bbox 1961 2554 2161 2604; x_wconf 80' lang='lat' dir='ltr'><em>scriptoris</em></span> 
     </span>
     <span class='ocr_line' id='line_1_93' title="bbox 1221 2614 2162 2665; baseline 0.001 -13"><span class='ocrx_word' id='word_1_559' title='bbox 1221 2614 1338 2653; x_wconf 88' lang='lat' dir='ltr'><em>huius</em></span> <span class='ocrx_word' id='word_1_560' title='bbox 1378 2615 1678 2665; x_wconf 87' lang='lat' dir='ltr'><em>diligentissime</em></span> <span class='ocrx_word' id='word_1_561' title='bbox 1723 2626 1792 2664; x_wconf 91' lang='lat' dir='ltr'><em>pro</em></span> <span class='ocrx_word' id='word_1_562' title='bbox 1835 2625 1905 2652; x_wconf 90' lang='lat' dir='ltr'><em>suo</em></span> <span class='ocrx_word' id='word_1_563' title='bbox 1935 2625 2042 2652; x_wconf 78' lang='lat' dir='ltr'><em>more.</em></span> <span class='ocrx_word' id='word_1_564' title='bbox 2084 2616 2162 2665; x_wconf 90' lang='lat' dir='ltr'><em>agit</em></span> 
     </span>
     <span class='ocr_line' id='line_1_94' title="bbox 1220 2676 2161 2716; baseline 0 -1"><span class='ocrx_word' id='word_1_565' title='bbox 1220 2678 1388 2716; x_wconf 90' lang='lat' dir='ltr'><em>Historia</em></span> <span class='ocrx_word' id='word_1_566' title='bbox 1412 2678 1617 2715; x_wconf 85' lang='lat' dir='ltr'><em>Litteraria</em></span> <span class='ocrx_word' id='word_1_567' title='bbox 1647 2676 1794 2714; x_wconf 89' lang='lat' dir='ltr'><em>Galliae</em></span> <span class='ocrx_word' id='word_1_568' title='bbox 1819 2680 1845 2713; x_wconf 92' lang='lat' dir='ltr'><em>t.</em></span> <span class='ocrx_word' id='word_1_569' title='bbox 1871 2677 1925 2715; x_wconf 92' lang='lat' dir='ltr'><em>IX</em></span> <span class='ocrx_word' id='word_1_570' title='bbox 1956 2677 2042 2716; x_wconf 87' lang='lat'><em>465.</em></span> <span class='ocrx_word' id='word_1_571' title='bbox 2074 2676 2161 2715; x_wconf 87' lang='grc'>487.</span> 
     </span>
     <span class='ocr_line' id='line_1_95' title="bbox 1219 2738 2162 2789; baseline 0.001 -13"><span class='ocrx_word' id='word_1_572' title='bbox 1219 2739 1272 2776; x_wconf 84' lang='lat' dir='ltr'><em>Ea</em></span> <span class='ocrx_word' id='word_1_573' title='bbox 1303 2740 1505 2776; x_wconf 84' lang='lat' dir='ltr'><em>occasione</em></span> <span class='ocrx_word' id='word_1_574' title='bbox 1536 2738 1583 2776; x_wconf 89' lang='lat' dir='ltr'><em>ibi</em></span> <span class='ocrx_word' id='word_1_575' title='bbox 1624 2738 1770 2788; x_wconf 89' lang='lat' dir='ltr'><em>pariter</em></span> <span class='ocrx_word' id='word_1_576' title='bbox 1812 2740 2018 2789; x_wconf 88' lang='lat' dir='ltr'><em>corrigitur</em></span> <span class='ocrx_word' id='word_1_577' title='bbox 2058 2750 2162 2777; x_wconf 89' lang='lat' dir='ltr'><em>erra-</em></span> 
     </span>
     <span class='ocr_line' id='line_1_96' title="bbox 1217 2799 2161 2849; baseline 0.003 -13"><span class='ocrx_word' id='word_1_578' title='bbox 1217 2805 1302 2838; x_wconf 82' lang='lat' dir='ltr'><em>tum</em></span> <span class='ocrx_word' id='word_1_579' title='bbox 1332 2800 1523 2837; x_wconf 86' lang='lat' dir='ltr'><em>Fabricii:</em></span> <span class='ocrx_word' id='word_1_580' title='bbox 1555 2801 1621 2849; x_wconf 88' lang='lat' dir='ltr'><em>qui</em></span> <span class='ocrx_word' id='word_1_581' title='bbox 1652 2800 1689 2836; x_wconf 90' lang='lat' dir='ltr'><em>in</em></span> <span class='ocrx_word' id='word_1_582' title='bbox 1718 2799 1790 2837; x_wconf 89' lang='lat' dir='ltr'><em>hac</em></span> <span class='ocrx_word' id='word_1_583' title='bbox 1815 2800 1900 2849; x_wconf 90' lang='lat' dir='ltr'><em>ipsa</em></span> <span class='ocrx_word' id='word_1_584' title='bbox 1924 2800 2161 2839; x_wconf 89' lang='lat' dir='ltr'><em>Bibliotheca</em></span> 
     </span>
    </p>
   </div>
   <div class='ocr_carea' id='block_1_6' title="bbox 2291 1442 2293 2072">
    <p class='ocr_par' dir='ltr' id='par_1_8' title="bbox 2291 1442 2293 2072">
     <span class='ocr_line' id='line_1_97' title="bbox 2291 1442 2293 2072; baseline 0 0"><span class='ocrx_word' id='word_1_585' title='bbox 2291 1442 2293 2072; x_wconf 95' lang='lat' dir='ltr'><em> </em></span> 
     </span>
    </p>
   </div>
   <div class='ocr_carea' id='block_1_7' title="bbox 1210 2861 2160 2912">
    <p class='ocr_par' dir='ltr' id='par_1_9' title="bbox 1210 2861 2160 2912">
     <span class='ocr_line' id='line_1_98' title="bbox 1210 2861 2160 2912; baseline 0 -13"><span class='ocrx_word' id='word_1_586' title='bbox 1210 2862 1281 2899; x_wconf 84' lang='lat' dir='ltr'><em>lib.</em></span> <span class='ocrx_word' id='word_1_587' title='bbox 1310 2862 1372 2899; x_wconf 86' lang='lat' dir='ltr'><em>VI.</em></span> <span class='ocrx_word' id='word_1_588' title='bbox 1404 2862 1490 2898; x_wconf 85' lang='lat'><em>444.</em></span> <span class='ocrx_word' id='word_1_589' title='bbox 1535 2861 1615 2899; x_wconf 86' lang='lat' dir='ltr'><em>edit</em></span> <span class='ocrx_word' id='word_1_590' title='bbox 1660 2861 1869 2912; x_wconf 86' lang='lat' dir='ltr'><em>Hamburg.</em></span> <span class='ocrx_word' id='word_1_591' title='bbox 1900 2861 2072 2901; x_wconf 87' lang='lat' dir='ltr'><em>libellum</em></span> <span class='ocrx_word' id='word_1_592' title='bbox 2115 2862 2160 2900; x_wconf 85' lang='lat' dir='ltr'><em>de</em></span> 
     </span>
    </p>
   </div>
   <div class='ocr_carea' id='block_1_8' title="bbox 1213 2922 2160 3283">
    <p class='ocr_par' dir='ltr' id='par_1_10' title="bbox 1213 2922 2160 3283">
     <span class='ocr_line' id='line_1_99' title="bbox 1218 2922 2160 2973; baseline 0.002 -12"><span class='ocrx_word' id='word_1_593' title='bbox 1218 2922 1422 2962; x_wconf 82' lang='lat' dir='ltr'><em>miraculis</em></span> <span class='ocrx_word' id='word_1_594' title='bbox 1453 2925 1492 2961; x_wconf 89' lang='lat' dir='ltr'><em>B.</em></span> <span class='ocrx_word' id='word_1_595' title='bbox 1518 2925 1564 2961; x_wconf 78' lang='lat' dir='ltr'><em>M.</em></span> <span class='ocrx_word' id='word_1_596' title='bbox 1595 2923 1699 2973; x_wconf 68' lang='lat' dir='ltr'><em>Yirg.</em></span> <span class='ocrx_word' id='word_1_597' title='bbox 1743 2923 2033 2963; x_wconf 85' lang='lat' dir='ltr'><em>Suessionensis</em></span> <span class='ocrx_word' id='word_1_598' title='bbox 2079 2923 2160 2963; x_wconf 88' lang='lat' dir='ltr'><em>Hu-</em></span> 
     </span>
     <span class='ocr_line' id='line_1_100' title="bbox 1218 2986 2158 3036; baseline 0.001 -13"><span class='ocrx_word' id='word_1_599' title='bbox 1218 2987 1305 3036; x_wconf 77' lang='lat' dir='ltr'><em>goni</em></span> <span class='ocrx_word' id='word_1_600' title='bbox 1333 2986 1423 3024; x_wconf 90' lang='lat' dir='ltr'><em>huic</em></span> <span class='ocrx_word' id='word_1_601' title='bbox 1444 2986 1696 3024; x_wconf 87' lang='lat' dir='ltr'><em>Cluniacensi</em></span> <span class='ocrx_word' id='word_1_602' title='bbox 1723 2986 1904 3023; x_wconf 87' lang='lat' dir='ltr'><em>tribuerit</em></span> <span class='ocrx_word' id='word_1_603' title='bbox 1923 2997 2011 3024; x_wconf 91' lang='lat' dir='ltr'><em>cum</em></span> <span class='ocrx_word' id='word_1_604' title='bbox 2033 2987 2158 3036; x_wconf 89' lang='lat' dir='ltr'><em>reipsa</em></span> 
     </span>
     <span class='ocr_line' id='line_1_101' title="bbox 1218 3047 2156 3098; baseline -0.001 -12"><span class='ocrx_word' id='word_1_605' title='bbox 1218 3050 1268 3086; x_wconf 88' lang='lat' dir='ltr'><em>sit</em></span> <span class='ocrx_word' id='word_1_606' title='bbox 1309 3049 1482 3098; x_wconf 85' lang='lat' dir='ltr'><em>Hugonis</em></span> <span class='ocrx_word' id='word_1_607' title='bbox 1511 3048 1680 3095; x_wconf 78' lang='lat' dir='ltr'><em>Farsiti‚</em></span> <span class='ocrx_word' id='word_1_608' title='bbox 1710 3047 1758 3085; x_wconf 87' lang='lat' dir='ltr'><em>de</em></span> <span class='ocrx_word' id='word_1_609' title='bbox 1787 3054 1862 3096; x_wconf 85' lang='lat' dir='ltr'><em>quo</em></span> <span class='ocrx_word' id='word_1_610' title='bbox 1893 3048 1989 3085; x_wconf 87' lang='lat' dir='ltr'><em>forto</em></span> <span class='ocrx_word' id='word_1_611' title='bbox 2013 3048 2060 3086; x_wconf 93' lang='lat' dir='ltr'><em>ibi</em></span> <span class='ocrx_word' id='word_1_612' title='bbox 2088 3049 2156 3085; x_wconf 91' lang='lat' dir='ltr'><em>Fa-</em></span> 
     </span>
     <span class='ocr_line' id='line_1_102' title="bbox 1217 3109 2154 3160; baseline -0.003 -13"><span class='ocrx_word' id='word_1_613' title='bbox 1217 3109 1361 3148; x_wconf 85' lang='lat' dir='ltr'><em>bricius</em></span> <span class='ocrx_word' id='word_1_614' title='bbox 1385 3110 1476 3160; x_wconf 87' lang='lat' dir='ltr'><em>agit.</em></span> <span class='ocrx_word' id='word_1_615' title='bbox 1506 3109 1565 3147; x_wconf 85' lang='lat' dir='ltr'><em>An</em></span> <span class='ocrx_word' id='word_1_616' title='bbox 1598 3111 1726 3159; x_wconf 90' lang='lat' dir='ltr'><em>reipsa</em></span> <span class='ocrx_word' id='word_1_617' title='bbox 1756 3109 1851 3147; x_wconf 85' lang='lat' dir='ltr'><em>haec</em></span> <span class='ocrx_word' id='word_1_618' title='bbox 1894 3109 1944 3146; x_wconf 87' lang='lat' dir='ltr'><em>ibi</em></span> <span class='ocrx_word' id='word_1_619' title='bbox 1987 3109 2154 3146; x_wconf 87' lang='lat' dir='ltr'><em>Fabricio</em></span> 
     </span>
     <span class='ocr_line' id='line_1_103' title="bbox 1217 3170 2154 3219; baseline -0.004 -9"><span class='ocrx_word' id='word_1_620' title='bbox 1217 3171 1460 3219; x_wconf 74' lang='lat' dir='ltr'><em>exciderint7</em></span> <span class='ocrx_word' id='word_1_621' title='bbox 1491 3182 1583 3209; x_wconf 89' lang='lat' dir='ltr'><em>cum</em></span> <span class='ocrx_word' id='word_1_622' title='bbox 1628 3171 1815 3209; x_wconf 88' lang='lat' dir='ltr'><em>volumen</em></span> <span class='ocrx_word' id='word_1_623' title='bbox 1846 3170 1940 3209; x_wconf 89' lang='lat' dir='ltr'><em>illud</em></span> <span class='ocrx_word' id='word_1_624' title='bbox 1974 3170 2154 3208; x_wconf 84' lang='lat' dir='ltr'><em>Venetias</em></span> 
     </span>
     <span class='ocr_line' id='line_1_104' title="bbox 1213 3230 2156 3283; baseline -0.005 -11"><span class='ocrx_word' id='word_1_625' title='bbox 1213 3234 1294 3283; x_wconf 86' lang='lat' dir='ltr'><em>jam</em></span> <span class='ocrx_word' id='word_1_626' title='bbox 1323 3234 1582 3272; x_wconf 86' lang='lat' dir='ltr'><em>trasmiserim</em></span> <span class='ocrx_word' id='word_1_627' title='bbox 1625 3232 1900 3273; x_wconf 79' lang='lat' dir='ltr'><em>excudendum</em></span> <span class='ocrx_word' id='word_1_628' title='bbox 1942 3230 2156 3280; x_wconf 81' lang='lat' dir='ltr'><em>deprehen-</em></span> 
     </span>
    </p>
   </div>
  </div>
 </body>
</html>
